3343 5180
570 1185 694 1281 De
748 1179 1060 1279 Gallini
1118 1178 1601 1302 elegiarum
1657 1176 2125 1301 scriptoris
2183 1179 2484 1275 aetate

1409 1370 1646 1449 scripsit
1755 1406 1758 1409 -

1249 1519 1311 1584 G.
1397 1520 1814 1602 (leiger.

567 1717 700 1783 Etsi
742 1737 785 1784 a
824 1717 1248 1803 compluribus
1290 1717 1441 1784 viris
1475 1717 1691 1800 eisque
1721 1713 2101 1780 doctissimis
2129 1714 2211 1779 de
2235 1713 2461 1780 Callini
2504 1720 2653 1798 poe:-

402 1824 507 1883 tae
549 1824 759 1885 aetate
817 1820 991 1884 varie
1044 1819 1430 1904 disputatum
1490 1822 1620 1896 est,
1687 1822 1897 1881 tamen
1960 1833 2076 1880 nos
2128 1814 2335 1880 denuo
2389 1814 2655 1879 eandem

404 1938 535 1985 rem
576 1926 851 1985 tractare
907 1919 1116 1985 conati
1170 1939 1415 2000 sumus,
1484 1937 1624 1983 cum
1677 1916 2247 1982 recentissimorum
2305 1921 2654 2000 temporum

405 2020 603 2085 labori
645 2038 813 2085 nova
870 2020 1214 2086 debeamus
1274 2019 1546 2099 auxilia,
1611 2017 1837 2102 quibus
1900 2015 1990 2082 uti
2055 2014 2181 2079 illis
2234 2034 2358 2080 non
2423 2013 2657 2100 licebat

404 2140 690 2207 quaeque
755 2122 840 2187 ad
904 2117 1069 2186 hanc
1129 2120 1562 2203 quaestionem
1620 2120 1677 2183 si
1731 2137 1856 2183 non
1914 2116 2131 2201 plane,
2195 2121 2264 2181 at
2316 2116 2531 2200 aliqua
2574 2133 2655 2180 ex

407 2229 583 2305 parte
625 2221 1093 2288 diiudicandam
1137 2220 1235 2285 vel
1279 2219 1363 2284 ad
1405 2219 1669 2285 aliorum
1713 2218 1793 2283 de
1837 2217 1958 2283 hac
1991 2235 2059 2281 re
2094 2217 2440 2283 sententias
2474 2217 2655 2282 novis

405 2323 794 2389 documentis
834 2320 1293 2388 confirmandas
1335 2320 1547 2403 aliquo
1591 2337 1733 2384 esse
1775 2323 2039 2403 possunt
2092 2322 2436 2382 momento:
2497 2316 2656 2381 anti·-

404 2441 563 2506 quas
604 2423 746 2489 dico
786 2422 1227 2506 inscriptiones
1265 2426 1568 2487 cuneatus
1610 2419 1694 2484 ab
1739 2418 2139 2509 Assyriorum
2181 2418 2438 2501 regibus
2490 2435 2656 2483 com-

405 2524 681 2610 positas,
746 2542 905 2610 quas
966 2522 1131 2588 inter
1186 2521 1531 2606 Babylonis
1587 2519 1861 2585 maxime
1917 2518 2091 2584 urbis
2148 2518 2493 2604 parietinas
2546 2515 2656 2583 de·

404 2630 605 2692 tectas
646 2644 847 2711 nuper
887 2625 1004 2690 viri
1056 2622 1436 2704 doctissimi,
1506 2624 1678 2688 velut
1717 2619 2200 2704 Westergaard‚
2265 2618 2654 2704 Rawlinson,

405 2724 680 2810 Oppert,
744 2726 1087 2807 Schrader,
1153 2723 1474 2808 explicare
1528 2729 1593 2789 et
1633 2722 1910 2788 enodare
1953 2720 2339 2786 studuerunt.
2422 2718 2656 2797 Quam·

406 2844 594 2909 quam
656 2827 853 2892 multa
904 2826 1113 2891 adhuc
1167 2823 1232 2889 in
1286 2822 1388 2890 his
1450 2822 1958 2908 inscriptionibus
2001 2820 2159 2887 satis
2200 2824 2345 2886 sunt
2388 2819 2659 2887 obscura

404 2931 593 3010 atque
634 2925 904 3008 incerta,
970 2931 1212 3006 tamen,
1273 2942 1436 3007 quae
1478 2923 1570 2988 illi
1611 2922 1984 3006 inquirendo
2029 2921 2399 2987 invenerunt
2440 2920 2654 2988 certis-

404 3026 600 3108 sima,
665 3027 730 3092 in
794 3045 974 3092 usum
1028 3031 1307 3090 nostrum
1351 3024 1632 3090 conferre
1675 3042 2008 3108 possumus
2023 3072 2041 3106 ‚
2108 3021 2223 3089 sed
2264 3039 2656 3088 reservemus

402 3147 485 3194 ea
536 3127 621 3194 ad
672 3147 980 3194 summam
1038 3125 1221 3210 quasi
1272 3145 1403 3191 rem
1459 3125 1922 3191 decernendam
1976 3121 2296 3207 congestis
2351 3127 2498 3189 ante
2540 3121 2656 3206 eis,

403 3246 565 3312 quae
608 3247 692 3294 ex
733 3228 932 3313 ipsius
972 3232 1199 3311 poetae
1242 3225 1616 3311 fragmentis
1658 3231 1723 3291 et
1756 3245 1837 3292 ex
1864 3225 2128 3292 Graecis
2154 3242 2359 3290 rerum
2394 3223 2655 3310 scripto-

403 3328 576 3395 ribus
618 3328 824 3394 minus
865 3328 1138 3395 obscura
1177 3326 1461 3410 depromi
1503 3331 1787 3410 possunt.

973 3494 1033 3560 1.
1116 3493 1220 3561 no
1262 3493 1521 3563 camni
1570 3491 1996 3577 fragmentis
2021 3492 2101 3575 ¹).

565 3628 893 3694 Habemus
934 3629 1056 3694 tria
1076 3628 1450 3712 ,fragmenta
1494 3632 1756 3713 poetae,
1821 3645 1986 3710 quae
2038 3625 2123 3691 ad
2164 3644 2346 3691 usum
2390 3629 2656 3709 possunt

401 3727 699 3795 converti.
785 3729 992 3813 Atque
1035 3749 1073 3794 e
1116 3728 1316 3813 primo
1360 3730 1744 3812 fragmento:

544 3922 608 3989 1)
650 3916 1004 3975 Conferenda
1041 3921 1170 3973 sunt
1208 3914 1375 3973 haec:
1413 3915 1767 3988 Bernhardy:
1807 3912 2110 3970 Grundriss
2146 3910 2247 3969 der
2282 3909 2504 3969 Griech,
2541 3910 2656 3967 Lit-

399 4005 935 4078 teraturgeschichte
976 4007 1062 4062 11⁸
1099 4022 1152 4076 p.
1178 4006 1283 4063 488
1320 4022 1474 4077 sqq.;
1512 4004 1734 4061 Mliller:
1773 4001 1991 4061 Griech.
2029 3999 2659 4073 Litteraturgesohiohte

402 4096 463 4152 1³
501 4112 554 4167 p.
600 4097 704 4155 180
737 4112 896 4168 sqq.;
933 4095 1002 4151 R.
1039 4093 1284 4151 Nicolaiz
1323 4092 1547 4152 Griech.
1584 4090 2216 4163 Litteratmgesohiohte
2253 4092 2317 4148 1²
2352 4106 2409 4163 p.
2435 4092 2522 4149 95.
2553 4091 2655 4158 963

400 4184 489 4242 W.
538 4185 602 4240 Ε.
648 4183 883 4241 Weber-2
954 4184 1062 4242 Die
1113 4181 1435 4254 elegischen
1487 4181 1720 4239 Dichter
1764 4182 1865 4240 der
1911 4181 2180 4239 Hellenen
2237 4197 2294 4252 p.
2339 4182 2447 4239 415
2499 4194 2657 4251 sqq.;

398 4272 581 4330 Bach=
629 4272 830 4330 callim
864 4272 1127 4343 Ephesii,
1175 4273 1407 4346 Tyrtaei
1443 4271 1798 4345 Aphidnum,
1847 4270 1976 4328 Anii
2013 4270 2181 4326 Samii
2229 4270 2477 4328 carmina
2510 4283 2659 4339 quae

398 4367 702 4433 supersunt
735 4376 793 4431 p.
829 4364 862 4421 3
898 4378 1023 4435 sqq.
1074 4391 1141 4404 -
1213 4361 1461 4420 Libellus
1509 4377 1548 4418 a
1590 4360 1870 4418 Franckio
1925 4360 2304 4431 conscriptum
2378 4356 2659 4427 ,Gallinas

399 4451 519 4508 sive
556 4450 629 4506 de
667 4449 883 4523 origine
922 4451 1182 4508 carminis
1220 4451 1493 4524 elegiaci“
1533 4449 1663 4507 mihi
1708 4457 1937 4521 praesto
1976 4466 2089 4506 non
2117 4447 2238 4508 fuit.
