3343 5180
600 1182 723 1278 De
779 1176 1091 1276 Gallini
1147 1176 1631 1300 elegiarum
1688 1175 2155 1300 scriptoris
2213 1178 2514 1274 aetate

1438 1368 1677 1447 scripsit

1279 1517 1341 1581 G.
1427 1518 1844 1600 Geiger.

597 1714 730 1780 Etsi
772 1734 815 1782 a
854 1716 1278 1801 compluribus
1320 1715 1471 1782 viris
1505 1714 1721 1798 eisque
1751 1711 2131 1778 doctissimis
2159 1712 2241 1778 de
2264 1712 2492 1779 Callini
2534 1719 2683 1798 poe-

431 1822 537 1881 tae
580 1821 788 1882 aetate
846 1817 1021 1882 varie
1073 1817 1460 1902 disputatum
1520 1820 1649 1895 est,
1716 1820 1926 1880 tamen
1990 1831 2105 1879 nos
2158 1812 2366 1880 denuo
2419 1813 2685 1879 eandem

433 1935 564 1981 rem
606 1923 880 1983 motare
935 1917 1144 1983 conati
1198 1937 1444 1999 sumus,
1513 1934 1654 1981 cum
1706 1913 2278 1981 recentissimorum
2335 1920 2684 2000 temporum

434 2017 632 2083 labori
673 2036 842 2083 nova
898 2017 1243 2083 debeamus
1302 2016 1575 2098 auxilia,
1639 2015 1867 2099 quibus
1929 2013 2020 2079 uti
2085 2013 2212 2079 illis
2265 2033 2390 2080 non
2454 2013 2688 2100 licebat

434 2138 720 2204 quaeque
783 2119 869 2185 ad
932 2115 1096 2183 hanc
1158 2118 1591 2201 quaestionem
1649 2118 1706 2181 si
1761 2135 1886 2181 non
1943 2114 2161 2199 plane,
2227 2122 2294 2180 at
2347 2115 2561 2199 aliqua
2603 2133 2684 2181 ex

436 2226 613 2302 parte
654 2218 1122 2285 diiudicandam
1165 2218 1263 2283 vel
1307 2216 1392 2285 ad
1435 2217 1700 2281 aliorum
1742 2215 1823 2281 de
1866 2215 1987 2280 hac
2019 2233 2089 2281 re
2122 2216 2470 2282 sententias
2504 2216 2685 2281 novis

434 2319 823 2385 documentis
864 2317 1321 2384 confirmandas
1363 2318 1577 2400 aliquo
1620 2336 1762 2382 esse
1804 2321 2069 2401 possunt
2121 2322 2466 2383 momento:
2529 2316 2686 2382 anti—

433 2438 592 2503 quas
633 2419 775 2486 dico
815 2419 1255 2504 inscriptiones
1294 2423 1597 2485 cuneata-s
1640 2417 1724 2482 ab
1768 2417 2169 2509 Assyriorum
2211 2417 2467 2500 regibus
2519 2435 2685 2483 com·

434 2520 709 2606 positas,
774 2539 934 2605 quas
995 2519 1159 2586 inter
1213 2517 1560 2603 Babylonis
1615 2518 1890 2584 maxime
1948 2517 2121 2582 urbis
2177 2517 2522 2604 parietinas
2576 2515 2686 2584 de·

432 2627 634 2690 tectas
676 2641 875 2708 nuper
916 2622 1033 2687 viri
1084 2620 1465 2701 doctissimi,
1534 2621 1707 2686 velut
1746 2618 2200 2702 Westergaard
2211 2667 2230 2701 ‚
2295 2618 2683 2703 Rawlinson,

433 2721 708 2807 Oppert,
772 2722 1116 2804 Schrader,
1180 2721 1503 2807 explicare
1556 2726 1621 2786 et
1663 2720 1938 2787 enodare
1982 2719 2368 2785 studuerunt.
2451 2718 2685 2797 Quam·

433 2840 622 2905 quam
686 2824 882 2890 multa
932 2822 1141 2889 adhuc
1195 2820 1261 2887 in
1315 2820 1415 2888 his
1478 2821 1986 2906 inscriptionibus
2030 2819 2189 2887 satis
2229 2824 2375 2885 sunt
2417 2819 2688 2887 obscura

432 2928 622 3006 atque
662 2921 932 3004 incerta,
998 2928 1240 3004 tamen,
1301 2940 1465 3006 quae
1507 2920 1598 2986 illi
1639 2920 2012 3006 inquirendo
2056 2920 2427 2987 invenerunt
2469 2920 2683 2987 certis-

432 3022 629 3105 sima,
694 3024 758 3088 in
822 3042 1002 3089 usum
1055 3030 1336 3088 nostrum
1379 3022 1660 3088 conferre
1703 3040 2070 3107 possumus,
2136 3020 2251 3086 sed
2291 3039 2684 3088 reservemus

431 3142 513 3190 ea
565 3123 649 3190 ad
700 3143 1008 3191 summam
1066 3122 1249 3207 quasi
1300 3143 1432 3189 rem
1487 3122 1950 3189 decernendam
2005 3120 2325 3205 congestis
2380 3127 2527 3187 ante
2569 3120 2684 3205 eis,
2745 3177 2754 3184 ,

431 3242 594 3306 quae
637 3243 720 3291 ex
760 3224 960 3310 ipsius
1000 3229 1227 3309 poetae
1270 3223 1642 3309 fragmentis
1687 3230 1751 3289 et
1784 3242 1866 3289 ex
1892 3223 2155 3291 Graecis
2181 3240 2387 3289 rerum
2422 3221 2683 3308 scripto·

433 3324 603 3391 ribus
647 3325 852 3392 minus
893 3325 1165 3392 obscura
1205 3324 1489 3409 depromi
1532 3329 1814 3408 possunt.

1001 3492 1060 3557 1.
1145 3491 1247 3560 De
1289 3491 1549 3561 Gallini
1598 3490 2024 3575 fragmentis
2049 3490 2129 3573 ¹).

593 3625 920 3692 Habemus
962 3626 1084 3693 tria
1104 3626 1478 3710 ‚fragmenta
1522 3631 1783 3711 poetae,
1848 3643 2012 3708 quae
2065 3622 2150 3690 ad
2192 3642 2374 3690 usum
2417 3628 2683 3708 possunt

428 3725 726 3793 converti.
812 3727 1020 3811 Atque
1063 3745 1100 3792 e
1142 3727 1343 3811 primo
1388 3728 1771 3811 fragmento:

572 3919 635 3986 1)
677 3913 1031 3974 conferenda
1067 3919 1198 3971 sunt
1236 3913 1402 3972 haec:
1440 3914 1794 3987 Bernhardy:
1834 3911 2137 3969 Grundriss
2173 3910 2274 3969 der
2309 3909 2532 3969 Griech.
2568 3909 2682 3967 Lit-

428 4003 961 4077 terami-geschichte
1004 4004 1089 4059 11³
1126 4020 1179 4073 p.
1205 4005 1310 4062 488
1346 4020 1501 4074 sqq.;
1539 4003 1761 4059 Mliller:
1800 4001 2018 4059 Griecb.
2055 3999 2685 4072 Litteraturgescbichte

430 4093 491 4148 1³
529 4109 581 4164 p.
626 4096 730 4153 180
764 4110 924 4164 sqq.;
960 4092 1029 4148 B.
1066 4092 1311 4148 Nicolai=
1350 4091 1574 4149 Griech.
1612 4089 2244 4163 Litteraturgeschiohte
2281 4091 2345 4147 1²
2379 4106 2436 4162 p.
2463 4092 2551 4149 95.
2580 4091 2681 4157 963

428 4180 517 4238 W.
565 4182 628 4237 Ε.
675 4180 909 4239 Weber-z
981 4180 1089 4237 Die
1140 4179 1461 4253 elegischen
1514 4181 1747 4238 Dichter
1791 4181 1891 4238 der
1937 4181 2207 4238 Hellenen
2262 4196 2320 4252 p.
2367 4182 2475 4239 415
2527 4194 2683 4250 σατις

426 4268 607 4326 Bacbz
656 4269 857 4327 camni
891 4269 1154 4340 Ephesii,
1202 4270 1434 4344 Tyrtaei
1471 4268 1824 4343 Aphidnum,
1874 4268 2004 4328 Anii
2039 4269 2208 4326 Samii
2256 4270 2504 4327 carmina
2537 4282 2685 4339 quae

426 4364 729 4429 supersunt
760 4373 819 4429 p.
855 4361 889 4418 3
925 4375 1050 4431 sqq.
1100 4388 1169 4401 -
1240 4359 1488 4418 Libellus
1536 4375 1575 4416 a
1618 4357 1898 4417 Franokio
1952 4359 2331 4430 conscriptum
2405 4357 2685 4427 ‚Calllnue

426 4447 546 4504 slve
582 4447 655 4504 de
693 4446 910 4520 origine
948 4448 1208 4505 carminis
1246 4448 1520 4520 elegiaci“
1560 4448 1692 4506 mihi
1735 4455 1964 4518 praesto
2003 4465 2116 4507 non
2144 4447 2265 4507 fult.
