3343 5180
637 315 678 384 2
1596 315 1663 374 G.
1701 315 1921 389 Geiger.

844 491 1132 575 “Μέχρις
1171 494 1284 556 τεῦ
1328 484 1766 569 narnium-98,-
1810 486 1940 556 ,εὖτ’
1986 489 2265 573 ἄλκιμον
2306 486 2487 567 ἕξετε
2527 487 2766 572 θυμόν,

967 587 1018 654 ὦ
1063 593 1205 656 νέοι
1226 619 1249 670 ,-
1296 586 1438 656 οὐδ’
1482 587 1767 655 uidero-3³
1812 587 2410 678 ἆμφιπερικτίονας

884 689 1016 757 ὦδε
1053 693 1199 779 λίην
1237 693 1614 774 μεθιέντες,
1659 685 1735 755 ἕν
1778 688 1995 782 εἰρήνῃ
2042 691 2117 756 δὲ
2161 690 2417 755 δοκεῖτε

966 790 1207 875 ἧσθαι,
1251 787 1420 879 ἆτάρ
1466 787 1757 875 πόλεμος
1797 799 1997 873 γαῖαν
2041 788 2323 856 ἅπασαν
2365 788 2532 874 ἔχεις

637 891 790 956 illud
850 891 1100 975 quidem
1155 890 1624 973 cognoscimus,
1694 891 1918 957 Callini
1962 893 2343 976 temporibus
2386 890 2679 974 regiones
2722 891 2892 954 circa

635 991 953 1076 Ephesum
1003 997 1181 1071 (nam
1230 991 1540 1075 Ephesius
1584 991 1702 1056 fuit
1744 995 1971 1076 po‘e'ta)
2041 991 2392 1058 vehementi
2461 997 2649 1073 atque
2693 989 2889 1056 atroci

635 1091 801 1157 bello
840 1098 1105 1157 vexatas
1147 1090 1344 1156 fuisse
1389 1098 1452 1157 et
1491 1097 1745 1176 poetam
1789 1092 1961 1158 cives
2004 1112 2154 1158 suos
2192 1091 2543 1171 adhortari,
2597 1110 2678 1156 ne
2722 1096 2890 1155 tutos

637 1211 781 1257 sese
825 1211 969 1257 esse
1010 1197 1256 1276 putent,
1300 1192 1448 1274 sed,
1493 1193 1641 1257 dum
1685 1193 1903 1276 liceat,
1971 1194 2314 1278 periculum
2357 1192 2440 1257 ab
2482 1192 2638 1258 urbe
2679 1190 2890 1256 defen-

637 1293 790 1358 dant
821 1292 905 1377 2).
1181 1368 1188 1377 ,

800 1393 998 1457 Multo
1062 1393 1203 1478 plus
1277 1392 1607 1478 proficiunt
1671 1394 1755 1458 ad
1830 1391 2256 1477 definiendam
2324 1386 2570 1459 Callini'
2618 1397 2890 1457 aetatem

638 1492 996 1576 fragmenta
1049 1494 1296 1558 tertium
1357 1500 1419 1559 et
1461 1501 1782 1577 quartum,
1853 1513 1888 1557 e
1930 1494 2154 1579 quibus
2200 1494 2597 1578 perspicuum
2644 1499 2740 1557 est
2778 1491 2890 1555 flo-

635 1595 838 1660 ruisse
884 1599 1133 1677 poetam
1177 1594 1398 1659 eodem
1444 1601 1744 1678 tempore,
1790 1613 1912 1678 quo
1955 1594 2212 1660 minoris
2257 1594 2446 1658 Asiae
2479 1599 2702 1676 gentes
2726 1592 2891 1658 Cim-

637 1682 969 1760 meriorum
1005 1699 1069 1758 et
1096 1694 1356 1759 Trerum
1386 1695 1572 1760 sedes
1615 1714 1764 1760 suas
1808 1696 2176 1761 mutantium
2222 1693 2654 1761 invasionibus
2699 1713 2889 1758 vexa-

584 1839 588 1843 ,
639 1794 882 1861 bantur.
969 1794 1127 1859 Sunt
1166 1794 1276 1860 illa
1317 1795 1674 1879 fragmenta
1715 1796 1908 1862 haec:

882 1900 1027 1962 Νῦν
1067 1893 1129 1962 δ’
1173 1891 1285 1963 ἐπὶ
1323 1902 1702 1982 Κιμμερίων
1749 1897 2025 1980 στρατὸς
2066 1894 2328 1984 ἔρχεται
2372 1891 2821 1982 ὄβριμοεργῶν

802 1999 867 2060 et

884 2094 1176 2184 Τρῆρεας
1221 2094 1473 2184 ἄνδρας
1513 2093 1698 2178 ἄγων
1720 2095 1799 2182 ²).
2311 2146 2316 2151 .

803 2197 1022 2280 Itaque
1089 2201 1156 2260 ut
1214 2196 1644 2280 quaestionem
1699 2197 1780 2262 de
1824 2196 2049 2262 Canini
2108 2201 2317 2261 aetate
2375 2195 2719 2260 institutam
2764 2194 2890 2260 dis·

638 2301 894 2382 ceptare
936 2298 1268 2381 possimus,
1311 2316 1630 2363 recurrere
1673 2316 1789 2363 nos
1833 2315 1992 2382 opus
2036 2302 2133 2362 est
2174 2297 2258 2361 ad
2300 2296 2442 2361 illas
2480 2294 2891 2360 barbarorum

636 2397 1039 2481 irruptiones,
1105 2415 1269 2479 quae
1330 2397 1582 2481 quidem
1627 2404 1692 2464 et
1733 2398 1913 2483 ipsae
1952 2398 2108 2464 satis
2149 2396 2405 2462 dubiam
2449 2415 2525 2461 ac
2572 2396 2889 2462 difficilem

641 2497 875 2562 habent
917 2497 1367 2581 quaestionem.

674 2669 678 2677 Α
805 2601 1012 2683 Atque
1055 2619 1137 2664 ex
1164 2597 1397 2664 ordine
1440 2600 1771 2665 audiamus
1815 2618 1976 2683 quae
2022 2600 2103 2665 de
2135 2600 2256 2665 hac
2293 2618 2359 2664 re
2392 2597 2645 2663 tradant
2666 2597 2893 2662 Graeci

640 2699 978 2784 scriptores
1019 2698 1409 2782 Herodotus,
1455 2699 1714 2782 Strabo,
1759 2700 1973 2766 ceteri.

782 2987 846 3054 2)
908 2985 1012 3051 Qui
1067 2985 1124 3040 in
1178 2985 1354 3054 primo
1391 2984 1704 3058 fragmento
1742 2991 2050 3055 sequuntur
2086 3002 2310 3055 versus,
2369 2986 2428 3041 hi
2481 2990 2659 3042 utrum
2698 2983 2895 3040 Callini

640 3076 755 3131 sint
788 3090 991 3144 necne,
1042 3073 1226 3129 adhuc
1261 3075 1411 3130 inter
1446 3091 1509 3131 se
1548 3076 1881 3132 dissentiunt
1917 3075 2025 3132 viri
2060 3076 2244 3143 docti;
2281 3081 2411 3132 sunt
2447 3074 2542 3144 qui
2561 3089 2615 3154 ἲεἱ.
2648 3074 2893 3144 Tyrtaeo

641 3163 993 3232 conscriptos
1030 3180 1155 3220 esse
1190 3170 1413 3236 putent3
1454 3163 1524 3220 cf.
1561 3165 1792 3237 Tyrtaei
1834 3180 1978 3236 quae
2018 3171 2318 3235 supersunt
2354 3165 2539 3220 omnia
2577 3162 2663 3218 ed.
2699 3162 2797 3219 Oh.
2820 3161 2894 3217 A.

640 3254 807 3309 Klotz
848 3255 1032 3321 (1767)
1070 3269 1126 3322 p.
1166 3255 1264 3321 99;
1322 3253 1528 3325 Bergk.
1577 3256 1732 3310 Poet.
1786 3256 1911 3327 Lyr.
1951 3254 2150 3311 Graec.
2191 3255 2277 3309 11³
2315 3270 2369 3323 p.
2414 3255 2534 3312 389.
2575 3255 2706 3323 39ος
2756 3252 2896 3307 Har-

640 3349 793 3413 tung.
833 3343 938 3397 Die
973 3358 1055 3412 gr.
1083 3342 1344 3413 Elegiker
1381 3346 1405 3397 I
1441 3346 1527 3401 33.
1568 3346 1653 3401 34.
1726 3343 1995 3414 Equidem
2030 3343 2175 3399 hanc
2200 3343 2636 3400 controversiam
2672 3341 2895 3398 omnino

642 3449 751 3488 non
791 3432 1014 3487 decerni
1052 3447 1224 3501 posse
1262 3431 1527 3501 arbitror3
1591 3448 1719 3487 nam
1757 3433 1862 3489 etsi
1900 3435 2099 3504 negari
2134 3449 2245 3488 non
2282 3436 2476 3504 potest
2511 3433 2712 3499 multa,
2750 3445 2894 3500 quae

641 3522 829 3577 insunt
863 3521 920 3575 in
957 3520 1064 3576 hoc
1103 3521 1362 3591 carmine,
1399 3522 1699 3592 Tyrtaeum
1735 3523 2018 3590 redolere,
2057 3528 2271 3591 tamen,
2330 3537 2474 3593 quae
2510 3526 2733 3577 exstant
2769 3518 2893 3574 Cal-

642 3611 740 3666 lini
780 3609 1127 3680 fragmenta,
1179 3626 1248 3668 ea
1283 3616 1395 3665 tam
1433 3612 1637 3683 exigua
1670 3620 1823 3680 sunt,
1884 3621 1946 3667 ut
1984 3627 2055 3667 ex
2095 3612 2176 3668 eis
2211 3610 2332 3680 vix,
2385 3610 2481 3682 qui
2527 3609 2695 3667 fuerit
2730 3608 2895 3664 buius

642 3701 846 3769 poetae
889 3701 1104 3756 animus
1145 3705 1314 3771 atque
1353 3701 1634 3771 ingenium
1674 3707 1730 3757 et
1768 3700 1970 3771 quibus
2006 3702 2063 3756 in
2105 3699 2271 3757 rebus
2328 3699 2401 3755 ab
2447 3699 2544 3754 illo
2581 3697 2897 3764 recesserit,

645 3789 914 3860 cognosci
968 3790 1165 3858 possit.
1245 3792 1439 3861 Itaque
1488 3808 1559 3847 ne
1600 3790 1708 3846 hoc
1755 3790 1976 3859 quidem
2015 3789 2306 3846 diiudicari
2342 3794 2561 3858 potest,
2620 3794 2801 3843 utrum
2840 3786 2898 3841 hi

642 3894 840 3936 versus
880 3879 1077 3935 Callini
1115 3895 1241 3935 esse
1277 3881 1498 3951 possint
1542 3897 1717 3937 necne
1735 3923 1749 3949 ,
1808 3881 1909 3936 sed
1957 3881 2377 3951 acquiescamus
2427 3883 2654 3948 oportet
2705 3877 2762 3931 in
2809 3891 2896 3944 eo,

645 3968 796 4038 quod
832 3984 868 4024 a
902 3968 1185 4026 veteribus
1223 3968 1280 4024 hi
1314 3986 1509 4026 versus
1546 3975 1825 4041 tamquam
1866 3969 2065 4025 Callini
2100 3969 2291 4025 traditi
2335 3973 2464 4023 sunt
2552 3967 2649 4023 Ad
2695 3966 2754 4021 id
2799 3981 2895 4020 au-

642 4064 782 4127 tem,
832 4058 903 4114 de
952 4075 1061 4129 quo
1117 4059 1460 4129 quaerimus,
1515 4058 1659 4114 haec
1708 4059 2092 4114 controversia
2127 4074 2238 4113 non
2275 4057 2545 4126 pertinet;
2599 4072 2728 4111 nam
2764 4054 2899 4110 nihil

645 4147 793 4203 inest
826 4147 883 4203 in
917 4147 1027 4203 illis
1063 4146 1346 4218 versibus,
1384 4147 1532 4220 quod
1560 4148 1861 4226 ,proposito
1898 4153 2090 4203 nostro
2132 4146 2428 4202 conducat.

790 4238 856 4304 3)
908 4236 1170 4292 Servavit
1207 4236 1576 4309 fragmentum
1624 4238 1695 4294 de
1727 4236 2033 4294 Cimmeriis
2083 4234 2283 4291 Strabo
2326 4236 2447 4293 xlv
2483 4237 2615 4305 647,
2669 4249 2780 4304 quo
2829 4233 2899 4290 de

646 4325 772 4382 loco
809 4324 958 4380 infra
995 4325 1422 4395 disputabimus.
1494 4326 1656 4395 Quod
1694 4332 1783 4383 est
1818 4327 1887 4383 de
1924 4324 2189 4382 Treribus
2234 4325 2632 4399 fragmentum,
2689 4322 2900 4379 inveni-

646 4420 738 4472 tur
774 4415 922 4486 apud
966 4414 1232 4485 Stephan.
1272 4416 1407 4488 Byz.
1445 4433 1498 4488 p.
1537 4417 1644 4475 422
1681 4414 1770 4473 ed.
1809 4413 1973 4470 Dind.
