3343 5180
1289 331 1486 392 Callini
1522 340 1702 392 aetas.
2533 390 2546 407 δ
2589 334 2633 405 3

368 585 471 661 11.
556 589 661 658 De
702 587 1105 660 Cimmeriis
1150 586 1227 654 in
1268 588 1512 656 Asiam
1554 588 2050 657 invadentibus
2117 608 2296 676 quae
2338 591 2631 660 tradant

1004 705 1245 755 rerum
1289 691 1678 775 scriptores
1721 689 1999 759 Graeci.

533 823 833 890 Omittam
876 823 1143 909 primum
1188 824 1493 892 Herodoti
1535 825 1741 891 locum
1765 826 1846 910 ⁴),
1891 825 1997 891 ubi
2042 826 2125 892 de
2155 825 2630 892 cimmeriorum

367 924 710 1009 irruptione
774 924 956 1005 dicit,
1025 925 1191 991 unde
1256 926 1410 992 nihil
1476 925 1610 993 fere
1670 926 1794 992 nisi
1848 926 2005 992 illud
2059 926 2360 1011 cognosci
2401 932 2628 1011 potest,

369 1026 600 1092 factam
641 1045 785 1092 eam
826 1025 953 1091 iam
995 1031 1144 1092 ante
1168 1026 1388 1093 Croesi
1429 1032 1707 1094 aetatem
1748 1046 1911 1110 esse,
1956 1032 2021 1092 et
2060 1027 2271 1093 statim
2311 1032 2630 1093 transeam

369 1126 454 1193 ad
495 1144 608 1209 ea,
675 1144 840 1210 quae
881 1126 915 1191 1
960 1128 1056 1194 15.
1101 1127 1182 1194 16
1206 1129 1271 1210 ⁵)
1319 1127 1512 1194 tradit
1552 1128 1634 1193 de
1677 1127 1994 1212 Lydorum
2039 1146 2237 1212 regno
2277 1147 2320 1194 a
2363 1127 2630 1193 Cimme-

369 1227 481 1293 riis
524 1226 917 1312 perturbato:
992 1225 1207 1313 Ardye
1248 1228 1313 1292 in
1357 1227 1565 1314 Lydia
1605 1233 1912 1311 regnante
1956 1227 2433 1294 Cimmeriorum
2475 1247 2630 1313 gen·

366 1333 496 1394 tem
538 1328 604 1393 in
648 1328 813 1395 hanc
853 1328 1168 1394 invasisse
1218 1334 1453 1395 terram
1496 1333 1561 1395 et
1600 1328 1839 1395 Sardes
1892 1328 2141 1410 urbem,
2197 1328 2378 1413 regni
2421 1334 2631 1413 caput,

370 1433 644 1514 excepta
663 1447 812 1496 arce
836 1446 1274 1513 expugnass03
1317 1429 1561 1514 Alyatti
1604 1430 1858 1495 demum
1904 1429 2270 1514 contigisse,
2314 1433 2381 1495 ut
2411 1428 2630 1496 hostes

371 1547 455 1595 ex
494 1529 654 1595 Asia
694 1528 1059 1614 expelleret.
1140 1526 1465 1596 Annorum
1507 1535 1719 1596 autem
1733 1578 1751 1611 ‚
1813 1549 1928 1614 per
1969 1549 2128 1614 quos
2172 1530 2491 1615 Lydorum
2532 1548 2629 1596 re·

370 1647 487 1713 ges
527 1629 859 1715 imperium
900 1634 1262 1713 tenuerunt,
1333 1629 1391 1696 si
1432 1629 1825 1697 Herodotum
1868 1636 2233 1716 spectamus
2248 1680 2266 1713 ,
2332 1630 2494 1698 haec
2534 1634 2633 1697 est

371 1730 753 1815 computatio
781 1730 923 1816 ‘¹')²
962 1730 1413 1814 Regnaverant

791 1830 1013 1916 Gyges
1054 1831 1138 1898 ab
1179 1852 1237 1898 a.
1280 1835 1430 1898 ante
1471 1830 1620 1897 Chr.
1661 1836 1791 1899 nat.
1834 1830 2172 1900 716—678

792 1930 1006 2016 Ardys
1843 1931 2174 2001 678—629

792 2030 1135 2117 Sadyattes
1842 2031 2173 2103 629-617

793 2133 1084 2219 Alyattes
1837 2132 2038 2203 617-
2046 2132 2189 2201 559.

534 2232 760 2317 Itaque
801 2232 1105 2300 Herodoti
1148 2231 1336 2299 fidem
1371 2232 1429 2299 si
1471 2231 1785 2317 sequeris,
1842 2233 2318 2301 cimmeriorum
2357 2233 2631 2302 invasio·

369 2351 486 2400 nes
526 2332 741 2417 medio
779 2332 913 2400 fere
955 2333 1223 2418 septimo
1267 2353 1328 2400 a.
1373 2333 1518 2401 Chr.
1561 2352 1623 2399 n.
1666 2334 1925 2400 saeculo
1983 2333 2189 2401 factas
2231 2353 2375 2402 esse
2417 2340 2481 2401 et
2516 2354 2634 2422 per

369 2435 827 2520 qninquaginta
882 2434 1134 2502 circiter
1194 2453 1396 2502 annos
1457 2433 1726 2502 durasse
1793 2439 2054 2504 statues.
2152 2434 2291 2502 Hac
2362 2454 2505 2501 cum
2562 2454 2634 2502 re

369 2535 605 2622 optime
647 2553 996 2622 congruere
1037 2534 1328 2603 videntur
1343 2583 1362 2620 ,
1404 2554 1569 2622 quae
1608 2534 1803 2605 tradit
1838 2535 2010 2604 idem
2052 2533 2412 2604 Herodotus
2440 2535 2506 2622 θ)
2553 2534 2636 2605 de

508 2762 577 2832 4)
616 2762 645 2817 1
680 2763 716 2821 6
766 2758 845 2817 Τὸ
877 2758 989 2836 γὰρ
1003 2765 1339 2837 Κιμμερίων
1374 2757 1701 2836 στράτευμα
1733 2759 1796 2816 τὸ
1838 2760 1939 2816 ἐπὶ
1973 2758 2077 2829 τὴν
2092 2758 2311 2829 Ἰωνίην
2346 2757 2635 2833 ἀπικόμε-

370 2867 475 2908 νον
523 2854 781 2925 Κροίσου
838 2848 936 2907 ἐὸν
990 2849 1379 2926 πρεσβύτερον
1435 2848 1506 2905 οὗ
1554 2846 1917 2922 καταστροφὴ
1967 2848 2192 2919 ἐγένετο
2240 2849 2355 2907 τῶν
2400 2852 2634 2917 πολίων,

369 2936 487 2994 ἀλλ’
526 2938 589 3003 ἐξ
622 2938 944 3014 ἐπιδρομῆς
975 2939 1228 3015 ἀρπαγή.

512 3031 578 3100 5)
622 3029 645 3085 Ι
686 3030 753 3087 15
805 3018 983 3091 Οὗτος
1021 3028 1301 3101 (Ardys),
1331 3027 1397 3082 δὲ
1436 3030 1725 3101 Πριηνέας
1767 3044 1827 3082 τε
1862 3019 1976 3082 εἷλε
2023 3025 2081 3088 ἐς
2114 3023 2379 3095 Μίλητόν
2413 3044 2473 3081 τε
2510 3025 2635 3083 ἐσέ-

367 3120 529 3187 βαλε,
579 3116 680 3172 ἐπὶ
713 3114 919 3173 τούτου
962 3136 1022 3173 τε
1058 3115 1503 3192 τυραννεύοντος
1538 3116 1807 3190 Σαρδίων
1842 3118 2157 3190 Κιμμέριοι
2194 3115 2255 3179 ἐξ
2286 3114 2480 3185 ἠθέων
2517 3112 2632 3169 ὑπὸ

368 3210 648 3264 Σκυθέων
697 3206 809 3263 τῶν
854 3204 1125 3280 νομάδων
1168 3201 1568 3270 ἐξαναστάντες
1612 3203 1895 3262 ἀπίκοντο
1955 3204 2013 3267 ἐς
2056 3203 2249 3274 Ἀσίην
2284 3208 2383 3260 καὶ
2416 3200 2637 3279 Σάρδις

369 3293 518 3363 πλὴν
553 3294 650 3364 τῆς
683 3292 1036 3368 ἀκροπόλιος
1069 3290 1241 3352 εἷλον.
1280 3327 1348 3337 -
1388 3301 1449 3352 et
1483 3295 1674 3365 paullo
1709 3294 1856 3352 infra
1891 3311 1942 3351 ο.
1984 3297 2051 3354 16
2088 3283 2256 3357 οὗτος
2291 3294 2362 3350 δέ
2398 3292 2633 3366 (Alyat-

368 3384 490 3455 tes)
527 3380 797 3459 Κυαξάρη
833 3402 891 3439 τε
928 3384 1006 3454 τῷ
1042 3381 1296 3453 Δηΐόκεω
1330 3381 1609 3455 ἀπογόνῳ
1645 3384 1960 3458 ἐπολέμησε
1998 3385 2095 3438 καὶ
2128 3381 2427 3454 Μήδοισι,
2483 3388 2635 3457 Κιμ-

369 3477 607 3546 μερίους
641 3489 701 3527 τε
738 3471 801 3527 ἐκ
834 3472 931 3541 τῆς
960 3471 1146 3542 Ἀσίης
1182 3472 1430 3542 ἐξήλασε.

512 3564 609 3630 bu)
649 3559 736 3619 cf.
756 3560 1012 3618 Larcher.
1050 3562 1196 3620 Hist.
1232 3562 1288 3618 d’
1309 3562 1596 3619 Herodoto
1631 3562 1736 3619 vn
1763 3577 1821 3634 p.
1846 3565 1982 3632 2123
2018 3562 2260 3621 Glinton.
2296 3562 2450 3619 Fast.
2485 3560 2633 3618 Hell.

369 3650 463 3709 ed.
498 3650 595 3707 Kr.
631 3666 690 3720 p.
729 3651 865 3721 3093
903 3651 966 3706 Ε.
1006 3650 1254 3709 Curtius:
1295 3650 1517 3709 Griech.
1558 3649 1765 3708 Gesch.
1802 3652 1866 3707 1⁴
1900 3668 1959 3722 p.
1998 3653 2122 3711 661.

350 3795 357 3802 ,
510 3743 570 3810 6)
611 3741 636 3796 1
676 3741 779 3799 103
814 3743 1094 3803 Συλλέξας
1128 3741 1193 3797 δὲ
1236 3742 1553 3815 (cyaxares
1588 3757 1688 3799 rex
1722 3739 2041 3812 Medorum)
2106 3740 2239 3803 τοὺς
2289 3738 2390 3795 ὑπ’
2444 3739 2634 3809 ἑωυτῷ

366 3828 730 3904 ἀρχομένους
764 3826 975 3890 πάντας
1014 3829 1374 3905 ἐστρατεύετο
1413 3832 1513 3886 ἐπὶ
1550 3830 1650 3901 τὴν
1686 3836 1873 3887 Νῖνον
1909 3834 2201 3903 τιμωρέων
2247 3847 2307 3885 τε
2343 3829 2422 3900 τῷ
2460 3832 2636 3902 πατρὶ

367 3923 467 3975 καὶ
518 3917 621 3988 τὴν
674 3916 846 3976 πόλιν
893 3917 1101 3988 ταύτην
1157 3919 1369 3977 ἐθέλων
1404 3921 1630 3984 ἐξελεῖν·
1684 3923 1781 3975 καὶ
1816 3924 1900 3984 οἱ,
1962 3939 2037 3980 ως
2072 3916 2375 3991 συμβαλὼν
2411 3918 2635 3988 ἐνίκησε

367 4028 500 4072 τους
530 4008 891 4114 Ἀσσυρίους,
930 4012 1380 4116 περικατημένῳ
1427 4006 1530 4078 τὴν
1576 4014 1764 4065 Νῖνον
1812 4008 2026 4077 ἐπῆλθε
2074 4011 2354 4064 Σκυθέων
2400 4007 2636 4082 στρατὸς

365 4100 571 4171 μέγας,
624 4116 724 4168 ηγε
773 4098 837 4154 δὲ
875 4118 1084 4160 αυτους
1115 4096 1380 4169 βασιλεὺς
1414 4098 1443 4153 ὁ
1485 4103 1765 4155 Σκυθέων
1800 4095 2051 4165 Μαδύης
2084 4096 2444 4171 Πρωτοθύεω
2481 4104 2634 4161 παῖς·

365 4188 427 4241 οἳ
461 4186 729 4258 ἐσέβαλον
762 4188 874 4262 μὲν
908 4187 965 4249 ἐς
1001 4185 1104 4257 τὴν
1129 4187 1319 4257 Ἀσίην
1354 4193 1714 4263 Κιμμερίους
1750 4183 2076 4257 ἐκβαλόντες
2111 4185 2174 4241 ἐκ
2205 4186 2303 4254 τῆς
2327 4183 2632 4260 Εὐρώπης,

365 4272 623 4331 τούτοισι
671 4276 736 4332 δὲ
792 4275 1179 4350 ἐπισπόμενοι
1218 4276 1502 4349 φευγουσι
1539 4296 1686 4332 ουτω
1724 4276 1781 4337 ἐς
1816 4273 1918 4345 τὴν
1955 4273 2230 4344 Μηδικὴν
2264 4273 2461 4350 χώρην
2495 4274 2636 4332 ἀπί-

367 4381 557 4421 κοντο.
632 4365 696 4421 lu
749 4364 938 4435 capite
995 4366 1302 4424 centesimo
1359 4371 1559 4438 quarto
1595 4366 1794 4437 incipit
1827 4363 2152 4422 Herodotus
2190 4379 2227 4420 a
2262 4364 2633 4424 describendo

366 4452 781 4514 Cimmeriorum
816 4454 1017 4512 itinere
1054 4462 1114 4513 et
1146 4456 1231 4513 ita
1264 4457 1479 4531 pergit:
1515 4455 1766 4514 ἐνταῦθα
1801 4458 1862 4512 οἱ
1893 4454 2004 4528 μὲν
2023 4453 2226 4525 Μῆδοι
2252 4452 2636 4528 συμβαλόντες
