3343 5180
672 294 731 361 4,
776 348 793 365 .
1566 322 1587 327 -
1652 292 1718 352 G.
1755 293 1977 366 Geiger.

675 463 1052 548 Scytharum
1105 463 1446 547 irruptione
1505 464 1570 529 in
1613 465 1891 532 Mediam
1949 467 2148 532 facta:
2233 464 2508 549 Scythas
2574 462 2857 548 expulsis
2900 482 2938 529 e

676 558 935 632 sedibus
978 563 1330 629 Cimmeriis
1368 565 1535 630 ‘inter
1574 572 1849 632 montem
1897 567 2248 633 Caucasum
2313 568 2378 630 et
2420 584 2596 630 mare
2640 564 2937 649 Caspium

677 666 797 731 iter
837 663 1144 730 facientes
1183 665 1248 729 in
1282 665 1497 730 Asiam
1523 666 1854 750 irrupisse3
1899 667 2125 749 Medis,
2169 683 2325 749 quos
2368 665 2604 748 primos
2647 666 2964 751 aggressi·

680 769 923 847 essent,
992 770 1139 831 tunc
1201 766 1551 848 praefuisse
1596 767 1955 853 Cyaxarem
2026 773 2247 851 (quem
2294 765 2416 849 ipsi
2460 766 2695 832 Persae
2738 766 2803 831 in
2847 766 2938 830 in-

584 884 587 888 ·
677 866 1123 951 scriptionibus
1164 867 1448 932 cuneatis
1491 874 1720 934 vocant
1766 868 2287 947 „Uvakhsatara“
2335 866 2411 931 cf.
2455 866 2748 949 Spiegel:
2816 866 2941 932 Die

678 966 1134 1051 altpersischen
1178 965 1722 1053 Keilinschriften,
1779 968 2042 1034 Glossar
2084 987 2136 1033 s.
2182 965 2311 1052 v.);
2378 986 2519 1031 eum
2575 966 2741 1032 bello
2798 986 2941 1032 cum

680 1066 992 1152 Assyriis,
1060 1067 1227 1149 quod
1290 1072 1419 1132 tum
1474 1075 1754 1151 gereret,
1820 1069 2175 1136 intermisso
2219 1072 2438 1132 contra
2481 1066 2754 1152 Scythas
2797 1087 2939 1150 pro-

680 1168 943 1251 fectum,
1013 1167 1128 1232 sed
1172 1167 1255 1231 ab
1301 1167 1396 1232 his
1443 1169 1649 1234 fusum
1696 1170 2104 1254 fugatumque
2151 1187 2310 1234 esse.
2400 1168 2623 1250 Itaque
2667 1167 2939 1252 Scythas

679 1287 793 1353 per
833 1267 1060 1332 multos
1102 1285 1301 1332 annos
1346 1268 1564 1334 Asiam
1610 1269 1841 1335 dicioni
1885 1290 2042 1336 suae
2084 1270 2431 1336 subiectam
2474 1268 2785 1351 tenuisse,
2830 1268 2940 1334 do-

680 1387 813 1437 nec.
839 1367 1167 1452 Cyaxares
1210 1366 1355 1433 dolo
1397 1374 1630 1435 terram
1674 1372 1757 1437 ab
1799 1372 2084 1438 hostibus
2126 1371 2478 1436 liberasset.

843 1468 919 1532 In
958 1467 1260 1533 Herodoti
1303 1469 1665 1536 narratione
1708 1484 2090 1557 quamquam
2137 1472 2334 1541 multa
2374 1476 2520 1537 sunt
2560 1489 2723 1554 quae
2761 1468 2941 1535 dubi-

582 1592 585 1599 *
679 1570 980 1637 tationem
1044 1576 1368 1653 moveant,
1437 1570 1608 1636 velut
1668 1572 1909 1639 itineris
1969 1572 2346 1656 Scytharum
2414 1590 2570 1638 sane
2637 1569 2943 1636 mirabilis

681 1671 1047 1753 descriptio,
1111 1674 1321 1735 tamen
1363 1670 1524 1736 haec
1564 1672 1648 1737 ad
1691 1672 1791 1755 id,
1856 1674 2023 1757 quod
2066 1664 2460 1757 quaerimus,
2528 1691 2655 1737 non
2697 1671 2943 1751 valent3

680 1771 834 1836 illud
878 1776 1047 1836 certe
1093 1789 1207 1853 pro
1263 1771 1587 1854 explorato
1651 1773 1889 1840 habere
1934 1793 2303 1858 possumus,
2373 1772 2648 1857 Scythas
2704 1771 2771 1836 in
2813 1771 2941 1837 Me·

686 1873 855 1938 diam
922 1870 1231 1936 invasisse
1285 1877 1348 1936 et
1404 1872 1761 1956 Cyaxarem
1831 1874 2161 1941 devicisse.
2270 1875 2353 1940 Et
2414 1871 2712 1958 quoniam
2783 1872 2945 1937 inter

682 1973 850 2038 viros
893 1971 1145 2051 doctos,
1219 1972 1385 2054 quod
1430 1973 1661 2055 sciam,
1731 1981 1975 2042 constat
2018 1976 2189 2042 illam
2226 1994 2538 2060 pugnam,
2608 1993 2733 2058 qua
2774 1970 2944 2038 Medi

684 2073 833 2139 victi
876 2071 1140 2155 imperio
1186 2072 1412 2155 privati
1455 2080 1628 2157 sunt,
1688 2077 2045 2159 ponendam
2089 2095 2231 2143 esse
2273 2077 2338 2141 in
2381 2095 2547 2142 anno
2591 2095 2650 2140 a.
2696 2074 2840 2139 Chr.
2883 2094 2944 2140 n.

681 2173 807 2242 632
851 2170 1213 2256 (cf.,Baehr.
1256 2173 1340 2237 ad
1383 2174 1615 2243 Herod.
1659 2176 1693 2240 I
1734 2178 1854 2244 103
1899 2197 1960 2260 p.
1987 2178 2112 2246 228
2154 2178 2251 2243 ed.
2304 2177 2458 2259 alt),
2504 2176 2625 2242 hoc
2666 2194 2750 2242 ex
2791 2174 2944 2240 duo-

684 2276 804 2340 bus
845 2272 1151 2339 Herodoti
1194 2272 1349 2338 locis
1393 2295 1433 2339 a
1472 2276 1656 2342 nobis
1699 2277 1911 2342 allatis
1954 2277 2251 2359 efficitur,

932 2373 1230 2489 expulsos
1274 2393 1310 2438 e
1352 2376 1609 2441 sedibus
1653 2377 1785 2442 suis
1829 2397 1871 2443 a
1913 2377 2169 2462 Scythis
2204 2378 2577 2444 Cimmerios
2621 2379 2688 2442 in
2726 2375 2945 2441 Asiam

1016 2470 1329 2540 invasisse
1393 2481 1456 2542 et
1519 2477 1690 2542 circa
1740 2478 2017 2543 medium
2060 2479 2392 2563 septimum
2430 2498 2487 2543 a.
2537 2477 2680 2544 Chr.
2727 2495 2947 2589 saecu-

990 2574 1146 2641 lum
1191 2576 1424 2643 Sardes
1467 2578 1781 2662 Lydorum
1827 2585 2018 2664 caput
2058 2579 2338 2664 cepisse,

935 2676 1169 2741 factum
1217 2677 1338 2743 hoc
1382 2697 1525 2743 esse
1566 2679 1782 2765 Ardye
1825 2680 1889 2745 in
1933 2681 2140 2766 Lydia
2181 2684 2527 2764 regnante;

933 2777 1289 2860 quindecim
1344 2777 1477 2845 fere
1543 2780 1727 2846 annis
1785 2786 1928 2863 post
1970 2781 2244 2867 Scythas
2288 2780 2659 2847 Cimmerios
2701 2781 2950 2844 secutos

1017 2878 1237 2943 Asiam
1295 2878 1617 2962 ingressos
1678 2900 1820 2947 esse
1885 2886 1947 2946 et
1995 2881 2218 2948 Medos
2261 2881 2621 2947 debellasse
2640 2930 2658 2962 ,
2724 2879 2949 2963 quibus

1016 2983 1149 3043 tum
1191 2987 1520 3063 praeesset
1559 2982 1923 3067 Cyaxares3
2035 3035 2046 3044 .
2593 2995 2612 3014 ·

934 3080 1203 3145 eundem
1246 3078 1603 3163 Cyaxarem
1661 3088 1889 3167 postea
1935 3081 2210 3166 Scythas
2255 3101 2292 3148 e
2334 3081 2549 3147 Media
2604 3079 2947 3165 expulisse,

1018 3179 1126 3264 qui
1170 3199 1283 3264 per
1325 3181 1795 3267 duodetriginta
1835 3202 2035 3249 annos
2077 3182 2298 3309 Asiam
2351 3200 2723 3267 oppressam
2776 3185 2948 3247 tene-

1021 3285 1190 3362 rent;

936 3380 1303 3448 Cimmerios
1345 3383 1429 3448 ab
1469 3383 1728 3468 Alyatte
1770 3383 2020 3448 demum
2065 3403 2101 3450 e
2143 3382 2351 3467 Lydia
2392 3382 2759 3448 deturbatos
2805 3399 2951 3447 esse

1023 3482 1192 3548 circa
1233 3502 1463 3548 annum
1509 3484 2038 3550 sexcentesimum
2079 3504 2139 3551 a.
2187 3483 2330 3551 Chr.
2375 3504 2436 3548 n.

690 3704 844 3753 τοῖσι
875 3696 1140 3774 Σκύθῃσι
1173 3703 1270 3754 καὶ
1310 3700 1652 3762 ἑσσωθέντες
1688 3701 1752 3774 τῇ
1787 3697 1942 3774 μάχῃ
1980 3701 2075 3769 τῆς
2109 3697 2290 3772 ἀρχῆς
2328 3695 2751 3766 κατελύθησαν,
2790 3700 2848 3752 οἱ
2885 3696 2948 3751 δὲ

691 3786 920 3843 Σκύθαι
967 3787 1068 3858 τὴν
1092 3788 1277 3857 Ἀσίην
1325 3790 1519 3846 πᾶσαν
1565 3790 1833 3860 ἐπέσχον.
1881 3833 1891 3844 .
1932 3830 1945 3844 .
1986 3831 2000 3847 .
2075 3806 2121 3843 c.
2162 3791 2266 3845 105
2312 3785 2614 3843 Ἐνθεῦτεν
2650 3786 2723 3858 ,δὲ
2785 3782 2954 3854 ἤισαν

691 3876 780 3931 ἔπ’
819 3881 1141 3946 Αἴγυπτον.
1178 3920 1195 3937 .
1238 3916 1252 3934 .
1326 3896 1371 3933 c.
1413 3881 1515 3937 106
1569 3877 1703 3933 Ἐπὶ
1750 3882 1859 3951 μέν
1910 3896 2016 3935 νυν
2065 3874 2211 3932 ὀκτὼ
2250 3880 2345 3930 καὶ
2386 3880 2572 3931 εἴκοσι
2610 3875 2737 3931 ἔτεα
2774 3868 2952 3948 ἦρχον

690 3966 786 4035 τῆς
806 3965 987 4034 Ἀσίης
1023 3970 1081 4022 οἱ
1115 3964 1344 4022 Σκύθαι
1381 3972 1476 4022 καὶ
1513 3964 1579 4022 τὰ
1616 3964 1804 4023 πάντα
1862 3983 1971 4038 σφι
2019 3963 2135 4021 ὑπό
2183 3985 2237 4020 τε
2289 3962 2487 4038 ὕβριος
2522 3969 2619 4019 καὶ
2653 3963 2955 4036 ὀλιγωρίης

690 4052 976 4113 ἀνάστατα
1012 4050 1095 4124 ἦν·
1163 4061 1347 4129 μέγαν
1381 4057 1490 4129 μὲν
1525 4055 1634 4130 γὰρ
1675 4056 1873 4128 φόρον
1898 4058 2190 4127 ἔπρησσον
2225 4053 2359 4128 παρ’
2402 4051 2652 4110 ἑκάστων
2686 4049 2787 4108 τὸν
2824 4047 2954 4106 ἑκά-

693 4160 883 4201 στοισι
919 4145 1252 4217 ἐπέβαλλον,
1281 4150 1463 4218 χωρὶς
1498 4145 1563 4200 δὲ
1602 4145 1707 4200 τοῦ
1747 4143 1935 4217 φόρου
1974 4141 2225 4215 ἥρπαζον
2264 4140 2729 4216 περιελαύνοντες
2763 4139 2949 4206 τοῦτο,

692 4230 726 4289 δ’
761 4254 817 4287 τι
853 4234 1046 4305 ἔχοιεν
1083 4233 1329 4290 ἕκαστοι·
1381 4239 1478 4289 καὶ
1533 4231 1746 4289 τούτων
1797 4234 1906 4305 μὲν
1950 4230 2084 4294 τοὺς
2129 4231 2375 4292 πλεῦνας
2408 4228 2706 4304 Κυαξάρης
2753 4247 2812 4284 τε
2858 4233 2955 4284 καὶ

689 4322 896 4391 Μῆδοι
930 4326 1272 4386 ξεινίσαντες
1306 4327 1402 4378 καὶ
1438 4319 1930 4394 καταμεθύσαντες
1963 4318 2423 4392 κατεφόνευσαν,
2480 4323 2577 4374 καὶ
2626 4315 2771 4374 οὕτω
2814 4316 2952 4376 α’νε-

693 4409 950 4469 amano
986 4410 1089 4481 τὴν
1121 4410 1307 4488 ἀρχὴν
1345 4413 1569 4485 Μῆδοι.
1604 4452 1622 4469 .
1659 4450 1677 4468 .
1749 4411 1836 4468 cf.
1875 4411 1953 4469 IV
1993 4416 2041 4468 1.
2080 4413 2147 4470 11
2179 4425 2339 4481 seqq.
