3343 5180
694 335 735 403 6
1692 330 1759 391 G.
1797 333 2023 404 Geiger‚

693 505 930 572 Sardes
950 553 968 587 ‚
1033 501 1301 588 primum
1345 521 1385 567 a
1428 501 1818 586 Cimmeriis,
1893 501 2123 568 deinde
2190 521 2231 568 a
2273 500 2573 567 Treribus
2618 504 2682 565 et
2722 495 2955 584 Lyciis,

694 606 862 689 quod
905 604 1138 670 etiam
1182 622 1218 668 e
1261 602 1579 668 Callino
1623 603 1969 684 eluceat,
2017 607 2336 685 postremo
2379 622 2422 667 a
2451 602 2618 686 Cyro
2647 604 2955 684 regnante

695 706 948 772 Croeso,
1033 702 1228 768 Addit
1269 708 1479 769 autem
1525 701 1717 768 etiam
1757 722 1987 767 nomen
2029 701 2241 784 gentis
2257 750 2282 785 ,.
2334 721 2523 785 quam
2570 699 2958 767 Cimmerii

696 807 902 872 adorti
959 808 1200 884 essent,
1265 803 1530 868 inveniri
1594 803 1765 886 apud
1818 803 1995 867 illum
2036 808 2314 886 poetam.
2406 801 2541 867 Hoe
2583 803 2725 866 loeo
2768 800 2957 884 pluri-

695 926 864 972 mum
908 904 1118 987 refert,
1165 909 1370 968 utrum
1413 904 1567 969 illud
1610 901 1776 988 ὅπερ
1821 909 1932 969 καὶ
1973 904 2305 968 Καλλῖνον
2346 902 2595 988 δηλοῦν
2637 901 2721 966 ad
2765 900 2961 967 verba

695 1003 824 1073 εἷθ’
866 1002 1001 1071 ὑπὸ
1049 1008 1320 1091 Τρηρῶν
1362 1009 1476 1068 καὶ
1514 1009 1786 1070 Λυκίων
1853 1008 2093 1068 tantum
2157 1002 2472 1087 pertinere
2535 1007 2823 1086 putemus
2877 1020 2959 1065 an

697 1105 782 1172 ad
826 1106 935 1171 illa
977 1123 1256 1188 quoque,
1319 1123 1482 1186 quae
1539 1105 1949 1186 antecedunt,
1995 1101 2254 1170 ἁλῶναι
2296 1102 2416 1179 τὰς
2455 1101 2739 1189 Σάρδεις
2796 1097 2958 1167 ὑπὸ

695 1209 1164 1291 Κιμμερίων
1204 1209 1513 1289 πρῶτον,
1576 1206 1635 1268 h.
1683 1225 1737 1270 e.
1784 1211 1987 1270 utrum
2028 1205 2292 1270 Trerum
2335 1204 2727 1269 invasionem
2770 1222 2855 1267 an
2898 1207 2961 1266 et

698 1304 1171 1371 cimmeriorum
1217 1310 1280 1370 et
1321 1304 1582 1370 Trerum
1626 1324 1662 1371 e
1690 1305 1935 1371 Callino
1981 1305 2285 1388 cognosci
2328 1323 2517 1389 posse
2541 1302 2959 1369 Callisthenes

697 1405 886 1472 dieat.
972 1405 1127 1469 Mihi
1182 1405 1435 1489 quidem
1491 1405 1613 1471 hoe
1667 1405 1935 1470 alterum
1996 1404 2206 1470 verius
2265 1422 2409 1469 esse
2468 1403 2746 1486 videtur3
2813 1422 2959 1469 nam

696 1505 967 1593 primum
1039 1506 1211 1589 apud
1275 1506 1584 1572 Callinum
1641 1506 1996 1572 invenimus
2064 1511 2443 1570 memoratos
2502 1511 2565 1570 et
2605 1506 2834 1570 Treres
2898 1510 2961 1569 et
3073 1560 3087 1577 ,

700 1606 1098 1686 Cimmerios;
1159 1606 1390 1672 deinde
1433 1606 1887 1687 Callisthenes,
1942 1607 2065 1671 nisi
2123 1625 2226 1672 me
2282 1606 2467 1687 fallo,
2530 1605 2961 1671 demonstrare

698 1708 859 1790 vult,
923 1706 1149 1790 quibus
1192 1707 1368 1772 nisus
1410 1709 1598 1773 rebus
1640 1712 1771 1773 tres
1815 1707 2167 1790 distinguat
2208 1706 2501 1772 Sardium
2544 1704 2960 1791 expugnatio-

605 1822 615 1833 ·
697 1827 831 1890 nes,
876 1825 1136 1891 quarum
1167 1806 1332 1872 duae
1373 1808 1473 1872 vel
1510 1827 1546 1873 e
1572 1807 1819 1874 Callino
1864 1807 2145 1892 intellegi
2188 1808 2458 1892 possint3
2503 1807 2751 1873 aceedit
2793 1807 2963 1891 quod

697 1909 765 1974 in
806 1906 1210 1991 sequentibus
1256 1909 1483 1973 Strabo
1546 1908 1702 1974 dicit
1754 1908 2063 1974 nominari
2118 1928 2159 1975 a
2202 1908 2449 1974 Callino
2503 1925 2645 1973 eam
2687 1913 2962 1991 gentem,

699 2026 887 2093 quam
931 2007 1327 2074 Cimmerii
1370 2008 1744 2074 invaserint:
1794 2010 1914 2095 τὴν
1949 2007 2204 2095 ἔφοδον
2244 2014 2379 2076 τῶν
2420 2014 2802 2097 Κιμμερίων
2846 2003 2961 2074 ἐπὶ

695 2108 852 2186 τούς
887 2105 1230 2194 Ἠσιονῆας
1269 2113 1639 2192 γεγονέναι,
1683 2107 1838 2177 καθ’
1882 2109 1964 2196 ἣν
2006 2109 2078 2176 αἱ
2119 2108 2406 2196 Σάρδεις
2452 2106 2783 2176 ἑάλωσαν.
2843 2107 2959 2173 His

701 2227 736 2275 e
779 2208 988 2274 verbis
1050 2209 1450 2293 perspicuum
1508 2216 1604 2276 est
1649 2210 1959 2276 Callinum
2016 2211 2205 2278 etiam
2259 2231 2302 2276 a
2344 2210 2697 2276 Cimmeriis
2766 2227 2958 2293 expu-

700 2314 933 2395 gnatas
975 2309 1231 2375 novisse
1274 2310 1531 2375 Sardes,

865 2408 1243 2475 Omittamus
1285 2409 1410 2476 hoe
1452 2411 1592 2476 loeo
1636 2410 1884 2477 Gelzeri
1905 2411 1969 2496 ¹‘)
2018 2411 2395 2478 sententiam
2413 2459 2431 2492 ,
2497 2410 2602 2495 qui
2644 2394 2991 2494 duplicem‘

703 2509 999 2577 Sardium
1043 2511 1579 2596 expugnationem
1622 2511 1833 2576 fietam
1879 2529 2022 2576 esse
2064 2516 2272 2596 putat;
2347 2511 2469 2577 hoe
2524 2516 2695 2575 certe
2738 2528 2958 2576 conee-

703 2610 976 2678 dendum
1030 2612 1179 2695 erit,
1248 2611 1445 2678 fuisse
1489 2611 1894 2678 Callisthenis
1936 2612 2312 2679 sententiam
2355 2631 2392 2678 e
2437 2610 2683 2678 Callino
2724 2611 2855 2694 bis,
2920 2630 2963 2677 a

705 2711 1063 2778 Cimmeriis
1106 2717 1169 2777 et
1208 2732 1251 2777 a
1292 2712 1624 2797 Treribu8‚
1679 2713 1916 2780 Sardes
1970 2718 2192 2798 captas
2239 2730 2381 2779 esse
2424 2710 2707 2797 intellegi
2750 2730 2961 2796 posse,

703 2818 768 2880 et
818 2813 939 2878 hoe
990 2812 1224 2897 optime
1281 2812 1594 2896 quadrare
1647 2813 1734 2879 ad
1778 2813 2007 2880 Callini
2075 2833 2238 2898 quae
2295 2817 2534 2880 restant
2583 2812 2962 2896 fragmenta,

702 2913 770 2980 in
814 2913 1041 2997 quibus
1088 2913 1209 2980 hae
1251 2913 1417 2980 duae
1462 2919 1689 2997 gentes
1730 2915 2149 2981 nominantur.

865 3015 941 3079 In
981 3014 1182 3080 altero
1223 3013 1364 3080 loeo
1406 3033 1532 3079 non
1575 3014 1781 3080 minus
1824 3015 2005 3097 gravi
2033 3015 2115 3099 ¹⁰)
2162 3014 2391 3081 Strabo
2426 3019 2642 3080 narrat
2684 3014 2765 3079 de
2805 3013 2962 3079 urbe

702 3185 913 3254 δηλοῦν
947 3184 1047 3242 τὸν
1081 3186 1177 3254 τῆς
1212 3185 1460 3255 ἐλεγείας
1494 3182 1764 3253 ποιητήν,
1804 3181 2011 3239 ὕστατα
2046 3185 2110 3239 δὲ
2149 3182 2251 3253 τὴν
2288 3184 2388 3240 ἐπὶ
2421 3182 2619 3259 Κύρου
2658 3188 2755 3239 καὶ
2787 3190 2964 3259 Κροί-

702 3288 809 3328 σου
866 3279 1142 3344 γενέσθαι
1196 3269 1425 3330 ἅλωσιν.
1496 3278 1787 3343 Λέγοντος
1843 3274 1907 3327 δὲ
1963 3274 2065 3327 τοῦ
2095 3278 2378 3329 Καλλίνου
2436 3272 2538 3342 τὴν
2586 3274 2806 3345 ἔφοδον
2851 3274 2964 3330 τῶν

698 3366 1033 3434 Κιμμερίων
1091 3362 1191 3419 ἐπὶ
1244 3361 1374 3424 τοὺς
1407 3361 1710 3430 Ἠσιονῆας
1754 3366 2082 3432 γεγονέναι,
2128 3361 2257 3416 καθ’
2298 3359 2369 3435 ἢν
2405 3366 2469 3418 αἱ
2504 3359 2752 3436 Σάρδεις
2788 3359 2961 3419 ἑάλω-

701 3465 812 3508 σαν
845 3453 953 3507 eto.
1895 3483 1902 3490 »

843 3541 904 3609 9)
943 3539 1166 3596 Gelzer:
1204 3539 1388 3597 Ueber
1422 3539 1526 3596 das
1551 3540 1817 3597 Zeitalter
1851 3539 1954 3595 des
1975 3540 2187 3611 Gyges,
2224 3540 2281 3595 in
2301 3539 2816 3598 Mus.Rhen.XXX
2838 3544 2961 3601 261.

843 3630 945 3698 10)
987 3628 1119 3685 XIV
1155 3631 1289 3686 647:
1359 3633 1473 3684 Καὶ
1516 3631 1578 3684 τὸ
1626 3629 1876 3686 παλαιὸν
1930 3630 1994 3684 δὲ
2053 3633 2260 3699 συνέβη
2309 3636 2429 3690 τοῖς
2463 3628 2781 3700 Μάγνησιν
2821 3630 2960 3686 ὑπὸ

706 3718 992 3792 Τρηροῖν
1025 3713 1210 3789 ἄρδην
1245 3716 1652 3790 ἀναιρεθῆναι,
1711 3719 2075 3792 Κιμμερικοῦ
2114 3719 2350 3786 ἔθνους,
2404 3716 2816 3789 εὐτυχήσαντες
2852 3738 2962 3774 πο-

701 3805 807 3864 λὺν
837 3803 1085 3880 χρόνον,
1121 3804 1184 3860 τὸ
1225 3805 1278 3859 δ’
1320 3807 1444 3876 ἑξῆς
1482 3805 1613 3868 τοὺς
1643 3807 1946 3879 Ἐφεσίους
1979 3814 2285 3878 κατασχεῖν
2320 3805 2420 3862 τὸν
2457 3805 2654 3863 τόπον.
2689 3811 2965 3869 Καλλῖνος

701 3893 811 3968 μὲν
847 3889 951 3951 οὖν
986 3894 1062 3957 ὥς
1097 3893 1492 3967 εὐτυχούντων
1531 3897 1615 3950 ἔτι
1651 3904 1761 3952 τῶν
1798 3894 2126 3967 Μαγνήτων
2161 3901 2440 3969 μέμνηται
2477 3900 2573 3950 καὶ
2609 3894 2963 3970 κατορθούν·

702 4002 813 4040 των
852 3984 915 4040 ἐν
952 3985 1030 4054 τῷ
1066 3982 1211 4059 πρὸς
1247 3982 1377 4045 τοὺς
1411 3984 1711 4057 Ἐφεσίους
1766 3989 2029 4058 πολέμῳ,
2085 3983 2412 4058 Ἀρχίλοχος
2448 3985 2512 4040 δὲ
2535 3983 2644 4055 ἤδη
2701 3992 2965 4058 φαίνεται

701 4076 986 4145 γνωρίζων
1018 4071 1120 4142 τὴν
1155 4077 1469 4145 γενομένην
1502 4073 1698 4136 αὐτοῖς
1733 4070 2059 4147 συμφοράν·
2123 4077 2330 4144 ,,κλαίω
2369 4071 2435 4128 τὰ
2477 4070 2708 4146 Θάσων,
2774 4073 2842 4129 οὐ
2896 4075 2963 4130 τὰ

704 4162 1034 4232 Μαγνήτων
1071 4160 1270 4217 κακά.“
1327 4162 1388 4225 ἐξ
1424 4153 1493 4217 οὗ
1530 4168 1627 4218 καὶ
1667 4161 1849 4219 αὐτὸν
1885 4160 2159 4235 νεώτερον
2197 4163 2344 4219 εἶναι
2379 4164 2482 4218 τοῦ
2520 4167 2803 4221 Καλλίνου
2840 4182 2964 4218 τεκ-

701 4257 1016 4325 μαίρεσθαι
1051 4249 1345 4324 πάρεστιν·
1383 4247 1547 4320 ἄλλης
1583 4252 1654 4308 δέ
1684 4270 1838 4313 τινος
1874 4252 1985 4306 τῶν
2020 4257 2355 4325 Κιμμερίων
2388 4257 2671 4327 μέμνηται
2707 4259 2963 4326 πρεσβυ-

704 4343 864 4414 τέρας
913 4339 943 4395 ὁ
982 4343 1283 4411 Καλλῖνος,
1328 4338 1475 4398 ἐπὰν
1520 4341 1604 4416 φῇ
1656 4341 1801 4411 ,,νῦν
1859 4341 1910 4394 δ’
1961 4340 2061 4396 ἐπὶ
2094 4347 2431 4415 Κιμμερίων
2465 4339 2702 4419 στρατὸς
2738 4341 2966 4415 ἔρχεται

703 4426 1151 4503 ὄβριμοεργῶνιζ
1191 4431 1254 4487 ἐν
1293 4421 1327 4505 ᾗ
1364 4427 1466 4501 τὴν
1502 4426 1777 4505 Σάρδεων
1813 4425 2028 4486 ἅλωσιν
2063 4431 2243 4498 δηλοῖ.
