3343 5180
1261 351 1458 411 Callini
1494 359 1674 412 aetas.
1913 364 1920 371 “
2549 359 2592 426 7

336 520 665 606 Magnesia
707 522 792 588 ad
833 522 1246 589 Maeandrum
1289 525 1440 603 sita3
1485 524 1820 608 Magnetas
1863 525 1953 591 ait
1992 527 2058 593 in
2100 525 2326 593 Callini
2368 527 2590 592 carmi-

335 622 514 688 nibus
578 621 892 708 appellari
954 630 1276 709 tamquam
1343 625 1638 692 florentes
1694 631 1758 691 et
1800 626 2073 693 victores
2113 627 2266 693 belli
2308 628 2589 713 Ephesii,

334 722 773 789 Archilochum
815 730 1028 790 autem
1071 725 1434 809 Magnetum
1491 723 1737 791 cladem
1781 725 2190 793 barbarorum
2233 727 2589 795 incursione

333 829 657 909 acceptam
698 825 826 890 iam
866 843 1093 906 nosse;
1164 826 1282 892 sed
1326 825 1553 892 callini
1598 845 1849 917 versum
1892 832 2036 895 Νῦν
2078 826 2141 894 δ’
2185 824 2300 896 ἐπὶ
2340 835 2462 895 etc.
2503 830 2588 896 ad

334 922 518 989 aliam
552 924 823 1009 priorem
850 925 1327 992 cimmeriorum
1351 927 1744 993 invasionem
1778 928 2115 1012 pertinere,
2157 947 2282 994 non
2326 929 2411 996 ad
2435 930 2587 996 Tre-

331 1043 463 1089 rum
506 1024 954 1108 incursionem,
998 1027 1065 1091 in
1108 1046 1234 1110 qua
1277 1027 1612 1110 Magnesia
1652 1028 1965 1111 periisset.

490 1126 713 1210 Itaque
755 1124 919 1193 haec
950 1146 987 1192 e
1010 1126 1319 1194 Strabone
1361 1128 1720 1195 elucent‘de
1742 1127 2219 1195 cimmeriorum
2260 1129 2588 1197 invasione
2691 1208 2708 1217 ,

329 1230 392 1290 et
431 1225 515 1291 de
557 1225 802 1291 Callino
843 1220 1064 1310 pocta:

575 1326 882 1392 Sardibus
925 1327 1024 1394 bis
1068 1328 1249 1412 potiti
1291 1335 1436 1393 sunt
1478 1329 1764 1409 barbari,
1807 1329 2126 1396 cimmerii
2168 1335 2232 1397 et
2271 1331 2535 1413 Treres;

576 1427 857 1494 callinus
877 1427 1038 1493 vidit
1070 1433 1400 1512 utramque
1443 1430 2007 1514 expugnationem,
2049 1436 2375 1515 utramque
2418 1430 2587 1497 idem

659 1535 1108 1595 commemorat
1147 1531 1212 1594 in
1248 1530 1500 1614 elegiis3

573 1628 905 1712 Magnesia
945 1629 1095 1695 urbs
1138 1629 1223 1695 ad
1260 1629 1679 1696 Maeandrum
1741 1631 1866 1696 sita
1929 1629 2160 1696 bellum
2200 1630 2403 1715 gessit
2444 1649 2586 1698 cum

658 1729 986 1814 Ephesiis,
1029 1729 1232 1796 donec
1273 1751 1316 1796 a
1355 1730 1656 1796 Treribus
1698 1729 1906 1796 diruta
1947 1735 2076 1811 est3

570 1829 753 1897 Hunc
782 1829 1155 1913 Magnesiae
1194 1831 1511 1897 interitum
1541 1830 1822 1897 Gallinas
1864 1831 2116 1915 quidem
2160 1831 2426 1915 ignorat,
2470 1830 2588 1898 sed
2689 1829 2701 1842 ‘

660 1931 1081 1997 Archilochus
1123 1932 1327 2012 novit3
1372 1931 1479 1997 ille
1519 1929 1886 2015 Magnetum
1928 1951 2031 1997 res
2076 1931 2375 1997 florentes
2417 1950 2585 1998 com·

658 2038 965 2096 memorat
1021 2033 1280 2116 eiusque
1322 2032 1519 2098 verba
1560 2038 1706 2099 Νῦν
1747 2029 1811 2097 δ’
1854 2029 1969 2099 ἐπὶ
2008 2037 2128 2097 etc.
2189 2033 2276 2097 ad
2317 2031 2584 2098 cimme-
2637 2058 2664 2179 l

655 2150 865 2198 rorum
907 2133 1180 2217 priorem
1199 2183 1217 2215 ,
1260 2151 1385 2197 non
1432 2132 1515 2198 ad
1556 2132 1843 2217 herum,
1887 2132 1993 2216 qui
2035 2132 2431 2216 Magnesiam
2474 2152 2585 2199 ex·

658 2232 975 2314 ciderunt,
1016 2233 1408 2298 invasionem
1450 2238 1759 2316 spectant.

489 2332 872 2399 Herodotum
915 2334 1186 2399 vidimus
1228 2352 1415 2398 unam
1456 2338 1700 2398 tantum
1740 2350 1930 2398 nosse
1972 2332 2449 2399 cimmeriorum
2490 2333 2583 2399 in·
2679 2338 2694 2455 s

324 2433 708 2517 cui-sionem,
778 2434 1156 2501 Strabonem
1214 2439 1279 2499 et
1320 2432 1795 2499 cimmeriorum
1851 2439 1917 2498 et
1951 2434 2234 2500 Trerum.
2320 2433 2584 2512 Quaeri-

180 2564 193 2581 ·
321 2541 424 2602 tur
467 2535 691 2620 igitur,
757 2542 962 2602 utrum
1013 2534 1153 2618 illa,
1209 2535 1385 2601 cuius
1431 2534 1789 2601 Herodotus
1831 2533 2211 2600 mentionem
2253 2533 2439 2618 facit,
2505 2536 2590 2601 sit

322 2638 496 2723 prior
538 2656 619 2702 an
663 2636 973 2722 posterior
1015 2656 1095 2702 ea
1111 2684 1129 2718 ,
1172 2636 1254 2701 de
1295 2654 1422 2720 qua
1461 2635 1692 2701 Strabo
1735 2640 2059 2717 memorat,
2104 2654 2187 2701 an
2229 2636 2359 2701 alia
2399 2654 2587 2719 quae-

321 2738 469 2804 dam
486 2786 504 2818 ,
567 2737 649 2802 de
713 2755 840 2821 qua
879 2736 1112 2803 Strabo
1172 2742 1361 2802 tacet.
1448 2736 1529 2802 Et
1571 2737 1868 2821 quoniam
1912 2734 2271 2803 Herodotus
2316 2736 2586 2804 Cimme-
2621 2767 2642 2894 J

321 2840 453 2905 rios
495 2843 971 2919 commemorat,
1015 2837 1245 2903 Treres
1288 2855 1547 2922 prorsus
1590 2836 1844 2902 silentio
1884 2837 2205 2922 praeterit,
2251 2836 2440 2903 facile
2472 2837 2586 2903 ali·

320 2941 465 3024 quis
521 2938 837 3021 opinetur,
908 2957 1097 3022 quam
1138 2936 1498 3003 Herodotus
1550 2937 1745 3002 tradit
1799 2938 2251 3019 incursionem,
2317 2930 2585 3004 eandem

321 3057 470 3107 esse
533 3044 722 3123 atque
781 3057 955 3121 eam,
1026 3057 1192 3122 quae
1227 3024 1429 3124 'apud
1473 3038 1851 3103 Strabonem
1906 3040 1990 3104 sit
2041 3039 2230 3124 prior.
2315 3039 2400 3103 At
2440 3038 2587 3106 huic

321 3140 605 3225 opinioni
671 3139 1051 3223 gravissima
1116 3140 1369 3206 obstant
1432 3144 1824 3222 argumenta.
1909 3139 2074 3205 Nam
2141 3138 2289 3223 quia
2347 3157 2586 3220 omnes,
2643 3185 2650 3196 -

318 3239 493 3327 quod
549 3239 781 3323 sciam,
824 3259 1033 3306 rerum
1077 3241 1417 3326 scriptores
1459 3240 1623 3305 inter
1666 3257 1739 3304 se
1782 3239 2180 3305 consentiunt
2220 3238 2583 3305 cimmerio-

320 3361 462 3406 rum
504 3340 895 3406 invasionem
938 3346 1150 3407 aetate
1192 3342 1570 3407 antecedere
1612 3340 1925 3405 invasioni
1968 3339 2261 3420 Trerum,
2325 3359 2583 3424 magno·

320 3460 478 3527 pere
521 3446 693 3506 esset
734 3440 1117 3524 mirandum,
1174 3444 1229 3507 si
1274 3441 1635 3507 Herodotus
1677 3439 1850 3504 illam
1891 3440 2306 3523 antiquiorem
2348 3447 2585 3522 nosset,

320 3543 490 3608 hanc
530 3540 941 3606 recentiorem
982 3543 1357 3625 ignorasset,
1404 3541 1776 3626 praesertim
1818 3558 1958 3605 cum
2000 3539 2394 3606 accuratiora
2436 3541 2586 3606 inde

318 3645 407 3709 ab
451 3641 685 3724 Ardyis
738 3647 948 3706 aetate
1011 3649 1075 3707 et
1141 3644 1411 3707 certiora
1460 3641 1711 3707 tradere
1763 3641 2024 3726 incipiat
2090 3647 2279 3726 atque
2320 3641 2583 3706 Trerum

319 3742 670 3810 invasionis
722 3749 977 3827 propter
1019 3744 1315 3809 Sardium
1370 3743 1904 3827 expugnationem
1959 3748 2024 3808 et
2065 3741 2436 3827 Magnesiae
2490 3743 2582 3807 in·

319 3844 573 3911 teritum
618 3843 958 3908 maximam
1002 3844 1197 3909 fuisse
1240 3844 1476 3909 famam
1521 3841 2007 3910 existimandum
2050 3843 2151 3909 sit.
2239 3843 2485 3908 Deinde
2526 3843 2583 3909 si

320 3945 796 4013 cimmeriorum
865 3945 1255 4010 invasionem
1320 3952 1530 4010 aetate
1593 3945 1865 4030 priorem
1929 3949 2291 4028 putaremus
2347 3943 2582 4027 Ardyis

319 4046 521 4113 aetati
566 4065 708 4112 esse
751 4044 1224 4128 ascribendam,
1281 4046 1592 4130 posterior
1633 4045 1896 4111 Trerum
1941 4044 2246 4125 incursio,
2291 4043 2582 4111 Sardium

319 4148 526 4214 altera
590 4146 1011 4231 expugnatio,
1087 4146 1457 4231 Magnesiae
1511 4146 1788 4225 eversio,
1861 4149 2075 4211 cetera
2125 4144 2190 4208 in
2230 4144 2584 4210 recentiora

319 4267 512 4333 quam
556 4267 669 4332 pro
715 4266 921 4312 rerum
962 4252 1283 4331 gestarum
1327 4248 1571 4314 ratione
1613 4254 1900 4331 tempora
1940 4244 2415 4311 deducerentur.

488 4348 710 4431 Itaque
752 4348 917 4415 duae
963 4353 1202 4414 restant
1243 4349 1686 4433 explanandae
1743 4347 1928 4413 huius
1967 4344 2356 4413 difficultatis
2410 4346 2582 4412 viae:

317 4455 434 4517 aut
462 4448 826 4515 Herodotea
849 4447 1322 4516 cimmeriorum
1350 4450 1595 4517 invasio
1637 4448 1862 4515 eadem
1907 4453 2005 4513 est
2045 4450 2234 4529 atque
2276 4465 2376 4531 ea,
2419 4464 2582 4531 quae

2700 4535 2708 4552 -.
2709 4401 2722 4476 q...-
