3343 5180
644 323 684 393 2
1603 324 1669 384 G.
1708 324 1930 398 Geiger.

852 499 1139 584 ’Μέχρις
1178 502 1292 564 τεῦ
1334 493 1773 579 narcissus-93,-
1816 495 1948 565 κεῖτ’
1993 498 2272 583 ἄλκιμον
2313 496 2493 576 ἕξετε
2534 497 2773 582 θυμόν,

974 595 1025 663 ὦ
1070 601 1213 665 νέοι
1233 627 1256 678 ,·
1304 594 1445 665 οὐδ’
1490 596 1775 664 αἰδεῖο-θ’
1819 597 2417 686 α’μφιπερικτίονας

890 698 1022 765 ὦδε
1060 701 1205 785 λίην
1244 702 1622 783 μεθιέντες,
1666 695 1742 765 ἕν
1785 697 2002 791 εἰρήνῃ
2047 699 2124 765 δὲ
2167 700 2425 765 δοκεῖτε

973 798 1214 884 ἧσθαι,
1259 795 1428 886 ἆτὰρ
1473 796 1765 884 πόλεμος
1804 807 2004 881 γαῖαν
2048 797 2330 865 ἅπασαν
2372 797 2538 884 ἔχεις

643 898 797 965 illud
856 899 1106 983 quidem
1161 899 1631 982 cognoscimus,
1701 900 1925 966 Callini
1968 901 2350 984 temporibus
2393 900 2686 982 regiones
2730 900 2899 964 circa

642 999 960 1084 Ephesum
1009 1005 1187 1079 (nam
1237 999 1547 1083 Ephesius
1591 1000 1710 1065 fuit
1751 1004 1978 1085 poeta)
2047 1000 2399 1066 vehementi
2468 1006 2656 1082 atque
2700 998 2897 1064 atroci

642 1099 807 1165 bello
846 1106 1112 1164 vexatas
1154 1099 1351 1165 fuisse
1397 1107 1460 1165 et
1499 1106 1752 1186 poetam
1795 1100 1968 1166 cives
2010 1120 2161 1167 suos
2198 1100 2550 1180 adhortari,
2604 1119 2685 1165 ne
2730 1105 2897 1165 tutos

523 1246 531 1254 -
642 1218 788 1266 sese
831 1219 976 1266 esse
1016 1205 1263 1284 putent,
1306 1200 1420 1266 sed
1436 1249 1455 1282 ‚
1498 1201 1645 1266 dum
1692 1201 1910 1284 liceat,
1977 1202 2320 1288 periculum
2362 1201 2446 1266 ab
2488 1201 2643 1267 urbe
2685 1198 2898 1266 defen-

644 1300 797 1366 dant
827 1300 912 1385 ²).
1187 1374 1195 1385 ,

807 1401 1004 1466 Multo
1068 1401 1209 1486 plus
1283 1401 1613 1487 proficiunt
1678 1403 1761 1466 ad
1836 1400 2262 1485 definiendam
2330 1394 2576 1467 Callini'
2624 1406 2895 1466 aetatem

644 1501 1002 1585 fragmenta
1056 1502 1303 1566 tertium
1364 1508 1426 1567 et
1467 1509 1788 1586 quartum,
1860 1521 1893 1566 e
1936 1502 2160 1589 quibus
2205 1503 2603 1587 perspicuum
2650 1508 2747 1567 est
2785 1500 2897 1566 flo-

642 1602 844 1668 ruisse
888 1607 1138 1686 poetam
1183 1601 1404 1667 eodem
1450 1610 1751 1686 tempore,
1796 1620 1918 1686 quo
1962 1603 2218 1668 minoris
2263 1603 2453 1668 Asiae
2485 1609 2708 1686 gentes
2733 1602 2897 1668 Cim-

643 1703 975 1768 meriorum
1011 1709 1076 1767 et
1102 1702 1362 1767 Trerum
1392 1703 1579 1769 sedes
1620 1723 1771 1768 suas
1814 1705 2181 1771 mutantium
2228 1703 2661 1769 invasionibus
2706 1721 2895 1768 vexa·

646 1803 887 1870 bantur.
974 1802 1133 1868 Sunt
1172 1804 1284 1868 illa
1322 1802 1680 1888 fragmenta
1720 1804 1914 1871 haec:

888 1908 1033 1970 Νῦν
1073 1901 1135 1969 δ’
1178 1899 1291 1972 ἐπὶ
1330 1911 1707 1991 Κιμμερίων
1755 1906 2031 1989 στρατὸς
2072 1903 2334 1993 ἔρχεται
2379 1900 2827 1989 ὀβριμοεργιὸν

808 2008 873 2070 et

890 2103 1182 2192 Τρήρεας
1226 2103 1477 2193 ἄνδρας
1519 2102 1703 2188 ἄγων
1726 2104 1805 2190 ²).

808 2205 1028 2288 Itaque
1096 2210 1162 2269 ut
1219 2206 1649 2289 quaestionem
1705 2205 1786 2270 de
1830 2204 2055 2271 Callini
2112 2210 2323 2271 aetate
2381 2204 2726 2269 institutam
2771 2203 2897 2269 dis·

643 2310 899 2391 ceptare
942 2306 1273 2390 possimus,
1317 2324 1637 2372 recurrere
1679 2325 1794 2371 nos
1838 2324 1997 2390 opus
2042 2311 2140 2371 est
2180 2305 2264 2371 ad
2306 2305 2448 2371 illas
2487 2304 2898 2370 barbarorum

642 2405 1044 2490 irruptiones,
1110 2424 1275 2488 quae
1334 2405 1586 2490 quidem
1633 2413 1697 2473 et
1739 2407 1919 2492 ipsae
1958 2407 2114 2473 satis
2154 2406 2411 2471 dubiam
2454 2425 2531 2471 ac
2578 2404 2896 2471 difficilem

645 2505 881 2572 habent
922 2506 1373 2589 quaestionem.

679 2679 683 2687 ,
810 2610 1017 2691 Atque
1061 2627 1142 2673 ex
1170 2607 1403 2674 ordine
1446 2609 1778 2674 audiamus
1820 2627 1982 2692 quae
2028 2609 2109 2675 de
2141 2610 2262 2675 hac
2297 2628 2365 2675 re
2398 2607 2652 2673 tradant
2673 2607 2899 2672 Graeci

644 2708 983 2793 scriptores
1024 2707 1415 2792 Herodotus,
1459 2708 1720 2791 Strabo,
1764 2708 1978 2775 ceteri.

786 2996 851 3063 2)
912 2994 1016 3059 Qui
1072 2994 1128 3048 in
1182 2995 1360 3063 primo
1397 2993 1710 3067 fragmento
1748 3001 2056 3065 sequuntur
2092 3011 2316 3065 versus,
2374 2995 2434 3050 hi
2487 3000 2665 3052 utrum
2703 2992 2901 3050 canini

645 3084 760 3140 sint
794 3099 995 3151 necne,
1048 3082 1231 3139 adhuc
1266 3084 1414 3140 inter
1451 3099 1514 3141 se
1551 3084 1886 3141 dissentiunt
1924 3084 2030 3141 viri
2065 3085 2250 3153 docti;
2286 3091 2416 3142 sunt
2453 3084 2548 3154 qui
2567 3098 2621 3162 *a
2654 3083 2900 3154 Tyrtaeo

646 3172 997 3241 conscriptos
1034 3188 1160 3229 esse
1193 3180 1418 3244 putent3
1458 3172 1529 3229 cf.
1566 3174 1798 3245 Tyrtaei
1839 3189 1983 3245 quae
2023 3180 2323 3244 supersunt
2359 3174 2543 3231 omnia
2583 3172 2669 3228 ed.
2704 3172 2802 3228 ch.
2825 3170 2900 3227 A.

645 3262 812 3318 Klotz
853 3264 1037 3330 (1767)
1075 3277 1132 3330 p.
1171 3264 1268 3331 99;
1326 3262 1533 3335 Bergk.
1582 3265 1737 3320 Poet.
1790 3265 1916 3336 Lyr.
1956 3263 2156 3321 Graec.
2195 3264 2283 3318 11³
2321 3279 2375 3332 p.
2419 3264 2540 3322 389.
2581 3265 2712 3331 3903
2761 3262 2901 3316 Har·

645 3358 798 3423 tung.
837 3351 943 3406 Die
978 3368 1060 3422 gr.
1087 3351 1350 3421 Elegiker
1386 3355 1409 3407 1
1446 3355 1532 3410 33.
1573 3355 1658 3410 34.
1730 3353 2000 3423 Equidem
2036 3352 2181 3409 hanc
2205 3352 2640 3409 controversiam
2678 3350 2901 3408 omnino

646 3458 756 3497 non
796 3440 1018 3496 decerni
1057 3456 1229 3511 posse
1267 3440 1532 3510 arbitror3
1595 3457 1724 3496 nam
1762 3442 1867 3498 etsi
1906 3444 2103 3514 negari
2138 3459 2250 3499 non
2288 3447 2482 3513 potest
2516 3442 2717 3509 multa,
2756 3455 2899 3510 quae

646 3531 835 3587 insunt
868 3530 924 3584 in
961 3528 1070 3585 hoc
1107 3531 1366 3600 carmine,
1403 3531 1703 3602 Tyrtaeum
1740 3531 2022 3599 redolere,
2062 3537 2276 3601 tamen,
2335 3546 2479 3603 quae
2515 3534 2738 3587 exstant
2773 3528 2898 3585 Gal-

646 3620 745 3675 lini
786 3618 1131 3690 fragmenta,
1184 3635 1253 3678 ea
1288 3626 1399 3674 tam
1438 3621 1642 3693 exigua
1676 3628 1827 3691 sunt,
1889 3632 1951 3678 ut
1989 3637 2059 3677 ex
2100 3621 2181 3678 eis
2217 3621 2337 3690 vix,
2390 3621 2485 3692 qui
2533 3619 2700 3677 fuerit
2735 3617 2899 3674 huius

646 3710 851 3778 po'etae
894 3710 1108 3765 animus
1150 3715 1319 3780 atque
1356 3709 1639 3781 ingenium
1680 3718 1736 3768 et
1773 3711 1973 3782 quibus
2011 3712 2068 3767 in
2109 3710 2275 3768 rebus
2334 3709 2407 3765 ab
2452 3709 2549 3765 1110
2587 3707 2901 3774 recesserit,

649 3798 918 3869 cognosci
973 3799 1170 3868 possit.
1250 3801 1445 3871 Itaque
1493 3818 1564 3857 ne
1605 3800 1714 3856 hoc
1760 3800 1980 3869 quidem
2019 3800 2310 3857 diiudicari
2345 3804 2566 3868 potest,
2626 3804 2806 3853 utrum
2844 3795 2904 3850 111

647 3904 845 3945 versus
884 3888 1083 3944 Callini
1120 3904 1246 3944 esse
1282 3891 1503 3960 possint
1548 3906 1754 3958 necne,
1812 3891 1915 3946 sed
1962 3891 2381 3961 acquiescamus
2432 3893 2659 3959 oportet
2710 3888 2768 3942 in
2815 3902 2901 3954 eo,

650 3977 800 4047 quod
837 3992 873 4033 a
907 3977 1190 4034 veteribus
1230 3978 1285 4034 111
1320 3995 1514 4035 versus
1550 3985 1830 4050 tamquam
1870 3978 2066 4035 Callini
2103 3978 2295 4034 traditi
2339 3983 2470 4033 sunt
2556 3977 2654 4033 Ad
2700 3977 2759 4031 id
2804 3991 2901 4032 au-

647 4072 787 4136 tem,
836 4066 907 4122 de
956 4083 1066 4137 quo
1122 4067 1465 4138 quaerimus,
1519 4066 1664 4123 haec
1714 4068 2095 4125 controversia
2129 4084 2242 4123 non
2280 4068 2551 4136 pertinet3
2604 4083 2733 4123 nam
2769 4065 2903 4120 nihil

649 4156 798 4212 inest
830 4156 887 4212 in
922 4156 1032 4212 illis
1068 4156 1350 4227 versibus,
1389 4156 1539 4229 quod
1564 4158 1865 4230 proposito
1901 4162 2094 4213 nostro
2135 4156 2432 4212 conducat.

794 4247 860 4313 3)
913 4245 1174 4301 Servavit
1212 4245 1580 4318 fragmentum
1628 4248 1700 4303 de
1732 4246 2036 4303 Cimmeriis
2086 4244 2287 4302 Strabo
2329 4246 2451 4304 xlv
2488 4247 2620 4315 647,
2674 4260 2785 4314 quo
2833 4243 2904 4300 de

651 4334 777 4391 loco
813 4333 963 4390 infra
1000 4334 1426 4404 disputabimus.
1498 4335 1661 4404 Quod
1699 4341 1788 4392 est
1821 4334 1892 4392 de
1928 4334 2194 4393 Treribus
2238 4334 2606 4409 fragmentum
2623 4374 2637 4402 ,
2693 4332 2905 4388 inveni-

649 4428 742 4480 tur
778 4423 929 4493 apud
970 4422 1237 4493 Stephan.
1277 4424 1412 4497 Byz.
1449 4441 1501 4496 p.
1541 4426 1649 4484 422
1685 4424 1775 4481 ed.
1813 4423 1978 4479 Dind.
