3343 5180
386 1264 491 1341 W

558 590 767 681 U..

602 361 683 424 14
1580 363 1644 421 G.
1687 365 1914 437 Gciger.

848 531 1213 618 Insequenti
1255 554 1423 600 anno
1468 535 1845 603 seditionem
1886 540 2100 602 movet
2143 537 2626 623 Samni-mukin,
2672 539 2863 607 Asur·

937 635 1247 720 banipalis
1287 635 1483 701 frater
1493 637 1602 720 23).

765 733 906 800 Hac
946 736 1257 802 seditione
1303 743 1651 802 commotus
1678 736 2181 803 Psammetichus
2215 738 2443 821 etipse
2486 737 2890 804 seditionem

605 832 836 900 fecisse
877 835 1156 917 videtur,
1214 837 1321 920 qui
1364 837 1617 903 adiutus
1662 843 1761 904 est
1800 857 1842 903 a
1880 838 2086 921 Gyge.
2171 838 2395 921 Itaque
2440 838 2562 904 hoc
2607 839 2861 922 quidem

603 938 867 1017 constat,
913 935 1162 1020 Gygem
1208 955 1332 1001 non
1376 943 1522 1003 ante
1565 958 1799 1003 annum
1842 938 2368 1004 sexcentesimum
2392 941 2861 1021 sexagesimum

603 1035 868 1100 alterum
909 1037 1212 1121 periisse,
1267 1038 1437 1121 quod
1479 1039 1781 1104 Gelzerus
1802 1039 1896 1123 ²⁴)
1946 1038 2234 1104 omnibus
2274 1038 2465 1103 rebus
2504 1039 2666 1104 bene
2711 1059 2862 1105 exa-

602 1135 855 1201 minatis
896 1136 1238 1204 Eusebium
1281 1144 1534 1204 secutus
1578 1138 1976 1204 referendum
2033 1158 2175 1205 esse
2228 1140 2291 1204 in
2335 1159 2565 1205 annum
2610 1141 2862 1225 septimi

602 1237 841 1301 saeculi
884 1256 944 1303 a.
987 1238 1133 1304 Chr.
1177 1240 1767 1324 quinquagesimum
1809 1241 2075 1306 alterum
2117 1240 2590 1309 demonstravit.

765 1336 903 1403 Iam
947 1339 1216 1453 singulis
1258 1341 1479 1423 rebus,
1535 1359 1701 1424 quae
1745 1340 1830 1406 ad
1872 1340 2307 1424 quaestionem
2349 1340 2532 1407 nobis
2577 1340 2861 1426 proposi-

602 1444 730 1504 tam
777 1438 875 1504 vel
915 1440 1190 1505 maxime
1232 1441 1565 1525 pertinent,
1610 1440 1915 1525 expositis
1951 1440 2115 1507 hanc
2161 1441 2344 1580 quasi
2385 1460 2692 1508 summam
2716 1441 2861 1507 sub-

604 1538 834 1604 ducere
875 1539 1054 1605 licet:

767 1640 996 1707 Strabo
1051 1638 1248 1705 tradit
1304 1640 1385 1705 de
1448 1640 1777 1706 invasione
1825 1639 2299 1707 cimmeriorum
2343 1642 2676 1725 prioreque
2714 1641 2864 1707 Sar-

572 1741 774 1841 ¹dium
818 1741 1287 1826 expugnatione
1301 1790 1318 1821 ,
1364 1759 1559 1824 -quam
1603 1741 1668 1806 in
1712 1746 1987 1807 aetatem
2030 1742 2234 1826 Gygis
2278 1741 2508 1807 cadere
2549 1742 2862 1807 intellexi-

558 1858 573 1945 j
604 1860 771 1922 mus3
836 1842 1010 1908 novit
1051 1860 1193 1906 eam
1237 1841 1517 1907 callinus
1561 1842 1821 1925 eiusque
1863 1842 2090 1908 verba:
2174 1847 2319 1910 Νῦν
2360 1839 2419 1908 δ’
2464 1837 2578 1910 ἐπὶ
2616 1850 2864 1929 Κιμμε-

556 1954 561 1963 ’
606 1948 767 2030 ρίων
812 1942 1093 2030 στρατὸς
1136 1938 1398 2029 ἔρχεται
1444 1938 1894 2029 ὄβριμοεργῶν
1934 1943 2017 2007 ad
2062 1961 2203 2008 eam
2245 1948 2554 2027 spectant.
2639 1945 2739 2009 Ex
2772 1945 2863 2009 in-

602 2041 1046 2127 scriptionibus
1108 2042 1390 2107 cuneatis
1449 2043 1890 2125 cognoscimus
1932 2044 2322 2108 invasionem
2367 2043 2862 2127 cimmeriorum,

602 2143 666 2207 in
711 2161 835 2227 qua
896 2142 1117 2225 Gyges
1149 2143 1434 2210 devictus
1477 2148 1865 2228 necatusque
1909 2150 2025 2210 est.
2111 2143 2294 2209 Hanc
2336 2163 2527 2210 unam
2569 2138 2862 2210 eandem-

500 2256 507 2261 ·
603 2262 725 2327 que
769 2262 913 2309 esse
955 2243 1127 2324 die03
1185 2263 1332 2309 nam
1375 2245 1430 2310 si
1473 2244 1638 2310 duae
1684 2251 1929 2328 essent,
1997 2263 2381 2329 magnopere
2426 2251 2595 2311 esset
2634 2246 2862 2312 miran-

604 2344 773 2426 dum,
817 2344 871 2409 si
906 2342 1135 2411 Graeci
1180 2345 1521 2430 scriptores
1563 2363 1783 2411 omnes
1826 2364 1959 2410 rem
2005 2351 2133 2411 tam
2175 2365 2436 2429 gravem
2479 2346 2866 2429 ignorarent>
2961 2377 2968 2383 ’

604 2445 684 2510 (13
728 2464 854 2528 qua
892 2446 1008 2533 vel,
1039 2445 1293 2511 barbari
1335 2450 1702 2511 memorant.
1789 2445 2011 2530 Itaque
2066 2454 2303 2512 certum
2357 2446 2708 2512 invenimus
2754 2467 2863 2513 an-

602 2566 780 2628 num,
837 2557 963 2631 quo·
1008 2546 1291 2613 Gallinas
1337 2565 1628 2631 carmen,
1689 2565 1771 2612 ex
1813 2566 1936 2632 quo
1980 2548 2396 2631 fragmentum
2438 2546 2592 2613 illud
2637 2554 2864 2631 exstat,

602 2648 973 2733 composuit.
1031 2649 1111 2714 Is
1165 2653 1282 2714 est
1327 2668 1577 2742 annus
1618 2650 1947 2733 septimi
1992 2668 2049 2714 a.
2095 2648 2270 2715 chr.
2316 2649 2616 2715 saeculi
2657 2650 2864 2733 quin-

602 2750 1120 2832 quagesimus
1164 2748 1383 2815 alter.

602 2957 750 3014 velle
787 2956 1119 3014 embassade
1158 2959 1187 3010 i
1225 2955 1425 3012 Ninive
1464 2972 1609 3027 pour
1645 2967 1930 3011 annoncer
1968 2955 2025 3010 la
2061 2953 2269 3013 defaite
2302 2955 2375 3012 de
2395 2954 2692 3024 Gi-mir-ai,
2730 2954 2871 3013 dont

602 3046 643 3102 il
680 3045 904 3103 rendait
937 3047 1138 3116 graces
1173 3061 1283 3102 aux
1320 3046 1490 3101 dieux
1525 3046 1713 3101 Assur
1748 3049 1806 3101 et
1842 3045 2005 3101 Istar.

746 3137 849 3207 23)
893 3135 1091 3193 (131331-
1136 3136 1173 3193 1.
1212 3137 1247 3192 l.
1302 3152 1359 3206 p.
1397 3137 1533 3203 2483
1570 3133 1908 3190 Lenormant
1943 3135 1979 3191 l.
2015 3135 2052 3190 l.
2090 3150 2146 3203 p.
2190 3137 2288 3193 78:
2361 3132 2867 3201 Assur-bani-pal

604 3225 857 3295 lorsqu'il
893 3231 1054 3298 recut
1090 3230 1237 3282 cette
1274 3224 1536 3281 nouvelle
1572 3224 1764 3279 venait
1801 3222 1872 3279 de
1908 3223 2030 3279 voir
2065 3224 2277 3280 eclater
2313 3225 2369 3279 la
2403 3224 2617 3280 revolte
2655 3223 2726 3279 de
2763 3239 2867 3279 son

606 3314 748 3371 frere
785 3314 1188 3371 Samul-mukin
1224 3316 1255 3368 a
1293 3313 1545 3385 Babylon
1582 3317 1824 3367 soutenu
1868 3327 1972 3381 par
2006 3314 2092 3369 les
2129 3313 2394 3370 Elamites
2432 3320 2490 3370 et
2523 3314 2606 3370 les
2640 3310 2869 3368 Arabes

609 3406 771 3476 (voy.
823 3404 876 3460 le
926 3404 1130 3473 prisme
1180 3400 1355 3459 incdit
1406 3402 1481 3456 du
1529 3402 1718 3458 Musee
1760 3401 2146 3470 Britannique,
2204 3403 2311 3458 col.
2350 3406 2578 3471 3—9);
2621 3418 2695 3458 on
2734 3401 2870 3457 etait

604 3509 673 3549 en
712 3494 834 3552 662.

747 3583 839 3651 24)
877 3581 912 3636 1.
949 3581 985 3636 1.
1025 3597 1082 3650 p.
1122 3582 1228 3639 243
1266 3582 1323 3636 ff.
1396 3580 1734 3635 Lenormant
1770 3580 2023 3636 similiter
2058 3595 2126 3636 ac
2164 3580 2431 3637 Gelzerus
2468 3594 2634 3637 unam
2671 3579 2872 3636 statuit

609 3671 1024 3727 cimmeriorum
1059 3670 1410 3728 invasionem
1448 3675 1505 3724 et
1552 3666 1726 3737 banc,
1787 3684 1898 3738 qua
1936 3670 2130 3741 Gyges
2166 3671 2399 3739 interiit,
2466 3669 2700 3725 eandem
2741 3684 2869 3725 esse

605 3767 770 3829 putat
805 3765 974 3830 atque
1015 3774 1167 3827 eam,
1206 3773 1369 3827 quam
1398 3757 1721 3813 Herodotus
1755 3759 1814 3813 in
1852 3758 2064 3830 Ardyis
2100 3757 2445 3829 temporibus
2480 3759 2654 3829 ponit.
2711 3758 2870 3812 Haec

608 3851 892 3907 sententia
926 3854 1318 3919 praeterquam
1357 3845 1508 3916 quod
1546 3848 1597 3903 ci
1637 3846 1894 3915 obstant,
1935 3863 2080 3917 quae
2121 3862 2295 3918 supra
2331 3847 2470 3917 dixi,
2529 3848 2611 3902 ita
2648 3848 2868 3903 demum

607 3938 918 4010 probabilis
970 3944 1146 4007 esset,
1206 3937 1255 3993 si
1290 3936 1615 3992 Herodotus
1653 3935 2063 3993 cimmeriorum
2101 3937 2450 3993 invasionem
2486 3937 2674 3993 statim
2709 3937 2868 3992 initio

605 4029 763 4100 regni
802 4028 1018 4100 Ardyis
1054 4026 1263 4083 factam
1301 4042 1428 4082 esse
1467 4025 1743 4095 traderet,
1809 4033 1871 4082 ut
1906 4026 2049 4082 baec
2086 4044 2176 4084 res
2214 4034 2495 4095 tamquam
2530 4026 2588 4082 in
2626 4021 2869 4082 confinio

610 4118 816 4175 aetatis
868 4118 1156 4188 utriusque
1212 4116 1371 4185 regni
1420 4123 1588 4185 gesta
1624 4130 1755 4172 esse
1795 4116 2104 4185 videretur3
2167 4123 2226 4173 at
2261 4115 2582 4172 Herodotus
2636 4115 2868 4184 primum

609 4208 681 4265 de
716 4207 930 4279 Ardyis
967 4207 1125 4263 bellis
1166 4222 1290 4262 cum
1331 4204 1649 4260 civitatibus
1685 4204 1887 4260 Priene
1926 4211 1983 4261 ct
2024 4206 2211 4262 Mileto
2249 4206 2455 4277 gestis,
2493 4211 2609 4260 tum
2650 4203 2870 4259 demum

610 4298 679 4353 (13
735 4297 1029 4352 invasione
1082 4295 1448 4352 barbarorum
1484 4301 1758 4350 memorat
1793 4295 1816 4349 Ι
1859 4296 1953 4352 151
2017 4283 2183 4356 οὗτος
2230 4295 2297 4350 δὲ
2335 4297 2619 4370 Πριηνέας
2663 4310 2721 4347 τε
2759 4287 2868 4347 εἷλε

610 4386 667 4447 ἐς
702 4383 964 4454 Μίλητόν
1000 4404 1057 4439 τε
1096 4385 1349 4454 ἐσέβαλε,
1404 4384 1503 4438 ἐπὶ
1536 4379 1739 4438 τούτου
1774 4401 1832 4437 τε
1871 4381 2312 4456 τυραννεύοντος
2348 4384 2614 4458 Σαρδίων
2649 4386 2871 4455 Κιμμέ-

608 4495 731 4548 ριοι
767 4504 834 4516 -
870 4471 1149 4531 ἀπίκοντο
1187 4472 1245 4535 ἐς
1279 4472 1381 4543 τὴν
1412 4472 1606 4530 Ἀσίαν
1648 4478 1757 4530 etc.
