3343 5180
1389 366 1589 425 Callini
1624 371 1805 426 aetas.
2647 368 2728 435 11

466 556 509 603 a
549 536 867 603 Bularcbo
909 535 1142 622 pictam
1180 536 1667 622 Magnetumque
1711 534 2032 606 excidium
2075 537 2531 622 exprimentem
2572 556 2728 604 auro

466 637 872 723 rependisse3
914 637 1031 704 sed
1075 637 1238 705 hanc
1278 638 1814 705 narratiunculam
1859 637 2113 705 omnino
2155 637 2385 704 nullius
2424 657 2569 704 esse
2599 658 2729 705 mo·

467 738 661 805 menti
715 758 932 806 omnes
989 740 1372 806 recentiores
1424 739 1771 805 litterarum
1816 744 1880 806 et
1919 758 2128 805 rerum
2173 744 2495 824 gestarum
2537 739 2730 824 scrip·

464 844 637 907 tores
669 839 1082 907 consentiunt.

633 941 849 1007 Pauca
888 939 1070 1006 nobis
1109 939 1406 1006 addenda
1447 944 1592 1006 sunt
1622 939 1709 1006 ad
1740 959 1821 1007 ea
1853 938 2301 1020 confirmanda,
2347 958 2512 1024 quae
2539 938 2731 1005 modo

466 1038 759 1106 diximus.
843 1041 1220 1107 Strabonem
1264 1040 1538 1105 diximus
1579 1039 1893 1107 Callinum
1933 1046 2146 1108 aetate
2200 1042 2472 1126 priorem
2516 1039 2730 1107 existi·

467 1159 643 1208 mare
684 1140 1099 1222 Archilocho,
1168 1141 1318 1225 qnia
1379 1142 1482 1208 hic
1542 1141 1826 1209 novisset
1879 1141 2252 1226 Magnesiae
2314 1139 2729 1223 eversionem,

465 1241 573 1308 ille
630 1240 991 1325 ignoraret;
1051 1243 1223 1308 idem
1272 1246 1541 1310 testatur
1595 1240 1890 1308 Clemens
1941 1240 2410 1308 Alexandrinus
2431 1241 2521 1318 ¹⁸)
2539 1289 2560 1324 ,
2624 1240 2731 1325 qui

467 1347 799 1427 praeterea
848 1342 1296 1410 Archilochum
1349 1347 1495 1427 post
1546 1341 1914 1408 vicesimam
1957 1340 2343 1428 Olympiada
2356 1390 2374 1424 ,
2450 1341 2572 1407 hoc
2635 1345 2732 1407 est

466 1448 612 1528 post
652 1442 897 1509 initium
940 1443 1193 1529 septimi
1235 1463 1292 1509 a.
1338 1442 1486 1509 Chr.
1531 1443 1771 1510 saeculi
1809 1442 2121 1525 floruisse,
2165 1441 2478 1508 Callinum
2519 1447 2731 1508 autem

465 1562 594 1609 non
653 1542 745 1609 ita
805 1543 1000 1610 multo
1055 1543 1443 1629 superiorem
1509 1543 1709 1610 fuisse
1769 1544 1878 1612 ait.
1961 1543 2141 1610 Haec
2191 1542 2314 1609 etsi
2353 1561 2477 1609 non
2518 1542 2730 1630 plane,

464 1649 678 1709 tamen
741 1643 808 1708 in
864 1643 1228 1710 universum
1280 1662 1422 1712 cum
1477 1644 1605 1728 eis,
1671 1662 1839 1730 quae
1897 1642 2084 1710 nobis
2140 1643 2515 1728 probantur,
2582 1662 2728 1710 con·

462 1762 691 1828 gruere
731 1745 1103 1811 videbimus.

611 1844 952 1912 Praeterea
985 1845 1259 1911 diximus
1305 1846 1576 1931 priorem
1610 1844 2087 1911 cimmeriorum
2128 1843 2542 1927 invasionem,
2589 1862 2730 1909 cum

465 1944 636 2011 haud
689 1946 781 2012 ita
837 1965 1073 2029 magno
1130 1945 1432 2031 temporis
1486 1944 1821 2012 intervallo
1863 1965 1908 2012 a
1945 1946 2295 2031 posteriore
2334 1944 2597 2010 Trerum
2639 1944 2730 2009 in-

463 2045 751 2112 cursione
806 2047 1036 2113 abesse
1101 2051 1353 2132 posset,
1422 2046 1867 2113 ascribendam
1911 2064 2054 2113 esse
2099 2046 2294 2113 aetati
2339 2045 2565 2130 Gygis.
2649 2045 2732 2110 Et
2807 2032 2814 2041 ’

465 2166 622 2212 sane
675 2146 859 2213 huius
921 2147 1014 2213 rei
1072 2147 1245 2233 apud
1310 2166 1499 2214 unum
1560 2149 1952 2215 Graecorum
2016 2146 2391 2232 scriptorum
2456 2144 2732 2229 vestigia
2809 2144 2814 2177 ¹

464 2247 775 2313 mansisse
815 2248 1133 2331 videntur3
1179 2268 1327 2315 nam
1368 2249 1433 2314 in
1476 2249 1726 2315 Nicolai
1768 2247 2126 2332 fragmento
2161 2248 2245 2332 n)
2289 2246 2563 2331 quodam
2604 2251 2730 2311 tra·

466 2347 633 2414 ditur
695 2349 760 2413 in
816 2349 1021 2435 Gygis
1086 2350 1237 2416 aula
1297 2370 1338 2417 a
1393 2350 1599 2435 poetis
1664 2346 1986 2434 Lydorum
2049 2348 2329 2432 equitnm
2383 2347 2449 2413 in
2514 2365 2733 2432 pugna

464 2468 606 2514 eum
648 2451 1172 2517 Amazonibus
1215 2451 1557 2517 commissa
1596 2449 1892 2516 virtutem
1937 2468 2080 2515 esse
2124 2449 2528 2515 celebratam.
2613 2446 2729 2512 Sa·

462 2549 545 2618 tis
588 2555 798 2617 autem
842 2557 1090 2618 constat
1142 2571 1185 2619 a
1225 2551 1546 2619 veteribus
1588 2552 1945 2617 Amazones
1999 2569 2124 2617 non
2182 2569 2326 2617 raro
2379 2568 2521 2616 cum
2567 2547 2731 2615 Gim-

462 2652 699 2737 meriis‚
743 2651 1045 2736 Scythica
1082 2661 1294 2737 gente,
1340 2653 1643 2720 confusas
1679 2658 1744 2718 et
1774 2652 2081 2718 conflatas
2123 2645 2298 2733 esse;
2341 2651 2469 2718 vid.
2501 2649 2730 2716 Baebr.

461 2752 549 2817 ad
586 2751 823 2819 Herod.
866 2752 954 2818 1v
999 2755 1154 2835 1103
1196 2755 1402 2840 Pauly
1445 2754 1750 2821 Realenc.
1797 2753 1857 2818 1²
1900 2752 2046 2824 833.

629 2852 712 2918 Et
750 2853 832 2920 de
873 2852 974 2920 his
1016 2854 1172 2939 ipsis
1214 2855 1404 2922 rebus
1428 2854 1634 2940 Gygis
1680 2858 1892 2921 aetate
1933 2854 2134 2938 gestis
2177 2852 2413 2937 optime
2456 2870 2577 2919 nos
2618 2851 2731 2917 do·

463 2959 610 3020 cent
649 2954 1054 3038 Assyriorum
1098 2956 1540 3041 inscriptiones
1583 2961 1912 3021 cuneatae.

460 3150 553 3201 tus
589 3140 776 3212 fidem,
813 3150 876 3201 ut
909 3144 1147 3213 videtur,
1184 3145 1298 3201 loci
1333 3144 1484 3200 illius
1521 3144 1815 3216 Pliniani),
1851 3139 2058 3199 Sardes
2096 3147 2469 3212 expugnatas,
2505 3141 2732 3212 Magne-

460 3235 602 3290 siam
651 3235 1002 3290 devictam
1064 3250 1222 3303 esse3
1282 3236 1513 3290 alteram
1572 3232 1751 3289 fuisse
1799 3232 1998 3304 Ardye
2057 3237 2328 3302 regnante
2385 3261 2453 3271 —
2499 3231 2731 3286 Trerum

464 3324 659 3378 vocari
711 3324 1082 3381 incursionem
1121 3348 1220 3394 -ς
1272 3322 1382 3380 hac
1439 3324 1661 3380 demum
1720 3322 1891 3393 plane
1947 3336 2274 3378 eversam
2331 3336 2458 3377 esse
2503 3319 2730 3389 Magne·

461 3412 622 3468 siam.
664 3443 731 3452 —
803 3411 914 3468 Sed
964 3430 1078 3469 non
1128 3418 1219 3469 est
1265 3429 1365 3469 cur
1409 3411 1581 3482 haec,
1643 3428 1789 3485 quae
1845 3415 1904 3466 in
1961 3426 2115 3467 mera
2170 3409 2493 3466 coniectura
2544 3408 2734 3479 posita

460 3507 615 3569 sunt,
654 3501 985 3571 probemus;
1033 3519 1157 3558 cum
1192 3502 1357 3558 Plinii
1393 3501 1553 3559 locus
1588 3502 1725 3558 nihil
1762 3499 1973 3558 habeat
2007 3499 2388 3568 auctoritatis,
2424 3498 2596 3554 multo
2633 3514 2730 3554 ve·

459 3592 575 3647 rius
613 3605 704 3647 res
741 3605 813 3644 ea
849 3605 1014 3659 quam
1052 3607 1156 3649 nos
1192 3591 1587 3662 proposuimus
1623 3591 1844 3646 ratione
1882 3590 2148 3660 explicari
2182 3604 2356 3659 posse
2393 3588 2629 3646 videtur.

603 3680 701 3749 16)
740 3679 939 3735 Strom.
978 3681 1002 3736 1
1040 3685 1136 3739 13¹
1184 3680 1318 3749 (vol.
1356 3680 1408 3735 11
1448 3682 1551 3739 107
1589 3679 1679 3736 ed.
1717 3669 1944 3747 Dind.)=
2003 3678 2080 3740 uic
2115 3679 2262 3734 εἶναι
2299 3678 2598 3750 συμφανὲς
2631 3676 2733 3733 τὸν

450 3766 786 3840 Ἀρχίλοχον
839 3767 982 3841 μετὰ
1038 3766 1140 3838 τὴν
1183 3766 1447 3837 εἰκοστὴν
1493 3765 1602 3837 ἤδη
1634 3772 2014 3842 γνωρίζεσθαι
2049 3762 2402 3839 ὀλυμπιάδα·
2451 3768 2734 3838 μέμνηται

458 3858 606 3927 γοῦν
663 3862 759 3911 καὶ
806 3858 908 3926 τῆς
944 3855 1275 3927 Μαγνήτων
1308 3856 1594 3918 ἀπωλείας
1629 3853 1977 3930 προσφάτως
2012 3859 2403 3928 γεγενημένης.
2475 3859 2731 3928 Σιμωνί-

458 3946 560 4012 δης
592 3946 704 4017 μὲν
739 3938 846 4001 οὖν
881 3944 1021 4001 κατὰ
1052 3945 1397 4019 Ἀρχίλοχονδ
1424 3950 1686 4019 φέρεται,
1725 3949 2081 4006 Καλλῖνος
2116 3946 2194 4000 δὲ
2233 3943 2733 4019 πρεσβύτερος

460 4033 529 4089 οὐ
565 4034 786 4107 μακρῷ·
841 4035 954 4091 τῶν
988 4031 1101 4104 γὰρ
1138 4031 1473 4104 Μαγνήτων
1528 4034 1560 4089 ὁ
1598 4036 1709 4108 μὲν
1739 4034 2071 4108 Ἀρχίλοχος
2105 4031 2508 4103 ἀπολωλότων,
2583 4032 2615 4088 ὁ
2664 4033 2728 4088 δὲ
2825 4033 2830 4052 “

459 4121 899 4197 εὐημερούντων
930 4127 1230 4197 μίμνηται.
1304 4122 1697 4194 Comparanda
1735 4129 1867 4181 sunt
1903 4139 2026 4180 cum
2064 4122 2151 4180 his
2191 4137 2288 4192 es,
2351 4137 2496 4194 quae
2538 4121 2730 4180 Gelae-

460 4229 557 4268 rus
596 4213 631 4267 l.
675 4213 708 4268 l.
749 4229 809 4284 p.
847 4215 955 4270 253
993 4212 1303 4282 disputavit
1337 4210 1409 4267 de
1443 4210 1772 4268 Archilochi
1809 4217 2012 4269 aetate.

612 4304 695 4370 17)
734 4301 954 4372 Fragm.
994 4300 1322 4358 Historicor.
1359 4299 1563 4356 Graec.
1620 4301 1712 4358 ed.
1751 4301 1812 4358 G.
1850 4301 2035 4359 Muell.
2077 4302 2154 4357 111
2193 4300 2317 4368 396,
2355 4301 2456 4359 622
2514 4299 2578 4357 ἐν
2613 4306 2733 4361 τοῖς

459 4391 662 4445 ἔπεσιν
716 4383 851 4464 ᾖσεν
906 4390 937 4444 ὁ
976 4388 1223 4461 Μάγνης
1258 4389 1478 4445 Λυδῶν
1522 4388 1830 4464 α’φιστείαν
1887 4390 1951 4447 ἐν
1999 4394 2334 4466 ἱππομαχίᾳ
2380 4389 2527 4465 πρὸς
2559 4387 2731 4465 Ἀμα-

458 4476 636 4542 ζόνας.
