3343 5180
701 325 786 391 10
1438 302 1443 307 .
1662 326 1729 382 G.
1769 326 1997 397 Geiger.
2039 357 2046 363 ·
2127 353 2133 360 ·

700 502 870 562 certe
924 497 1056 563 veri
1114 497 1502 562 simillimum
1561 501 1659 562 est
1703 497 2010 579 barbaros
2052 497 2309 581 saepius
2350 497 2666 563 invasisse
2708 497 2966 581 Sardes,

699 617 840 664 cum
907 603 1077 684 esset
1132 598 1281 663 urbs
1349 597 1827 681 opulentissima
1880 597 2247 681 praedaque
2289 598 2719 664 refertissima.
2804 598 2965 663 Tum

698 699 912 764 nescio
981 718 1091 764 cur
1150 698 1451 764 Gelzerus
1510 703 1690 780 putet
1743 698 2139 781 Magnesiam
2202 703 2509 781 regnante
2567 698 2753 782 Gyge
2801 717 2967 764 -esse

700 816 1020 879 eversam3
1067 818 1209 865 cum
1253 799 1419 865 enim
1466 800 1673 864 diruta
1714 799 1796 863 sit
1835 819 1875 864 a
1905 799 2533 883 Treribusfcumque‚
2577 799 2747 884 quod
2772 818 2967 884 supra

700 898 1171 964 demonstrasse
1213 899 1368 963 mihi
1412 898 1660 981 videor,
1728 900 1957 964 Treres
2003 899 2220 982 Ardye
2263 900 2615 983 imperante
2656 900 2965 981 irruerint,

698 998 1067 1082 Magnesiae
1135 1000 1394 1065 exitium
1451 999 1517 1063 in
1583 998 1769 1063 huius
1838 1000 2010 1085 regis
2063 1006 2350 1084 tempora
2399 1000 2698 1066 incidisse
2750 1000 2965 1065 existi-

697 1100 994 1165 mandum
1040 1105 1153 1166 est.
1240 1101 1563 1165 Postremo
1607 1119 1771 1182 quae
1817 1100 2007 1166 tradit
2037 1101 2266 1167 Strabo
2310 1119 2450 1166 cum
2493 1107 2623 1166 tam
2666 1106 2967 1166 accurata

698 1206 846 1266 sunt
893 1206 957 1266 et
997 1206 1126 1265 tam
1171 1201 1333 1266 bene
1374 1200 1689 1283 quadrant
1729 1203 1794 1265 in
1836 1221 2041 1267 rerum
2063 1255 2067 1261 .
2089 1201 2353 1285 seriem,
2419 1201 2527 1267 vix
2588 1207 2656 1266 ut
2699 1221 2778 1268 ea
2819 1199 2967 1267 ficta

699 1307 763 1367 et
806 1302 1244 1368 commenticia
1285 1320 1428 1368 esse
1470 1302 1825 1386 putaveris,
1881 1308 2012 1367 tum
2076 1302 2342 1387 optime,
2413 1303 2582 1386 quod
2638 1303 2766 1368 iam
2810 1302 2963 1385 dixi,

631 1374 646 1401 ’
698 1402 1077 1468 conveniunt
1119 1422 1260 1467 cum
1306 1402 1542 1468 Callini
1592 1403 1993 1485 fragmentis,
2050 1404 2115 1469 in
2155 1403 2381 1487 quibus
2446 1403 2846 1469 nominantur
2903 1408 2967 1468 et

604 1580 609 1601 Ι
703 1504 1027 1570 Cimmerii
1071 1509 1133 1568 et
1173 1504 1431 1579 Treres,
1499 1521 1662 1586 quae
1704 1523 1831 1568 non
1874 1503 1956 1569 ad
2001 1503 2269 1570 eandem
2310 1504 2494 1569 unius
2537 1504 2747 1588 gentis
2788 1504 2963 1570 inva-

604 1604 610 1651 2
697 1605 937 1670 sionem
984 1609 1274 1688 spectare
1317 1609 1805 1668 consentaneum
1849 1609 1963 1669 est.

861 1706 943 1769 Et
988 1703 1297 1769 Callinum
1342 1722 1497 1768 sane
1524 1703 1896 1787 Magnesiae
1937 1703 2253 1769 interitum
2298 1703 2630 1786 ignorasse
2671 1703 2962 1787 explora-

695 1810 826 1870 tum
870 1804 1026 1869 mihi
1049 1804 1136 1881 1⁴)
1188 1803 1439 1868 videtur
1482 1822 1624 1868 esse
1668 1822 1874 1887 neque
1915 1823 2214 1888 magnam
2245 1804 2373 1869 vim
2400 1822 2657 1887 possum
2688 1804 2963 1869 tribuere

693 1907 836 1972 loco
881 1904 1198 1970 Athenaei
1252 1904 1406 1989 (XII
1448 1904 1591 1988 29),
1659 1923 1784 1987 quo
1827 1906 2103 1970 maxime
2165 1904 2279 1968 niti
2341 1905 2588 1968 videtur
2629 1903 2963 1969 Gelzerus:

694 2005 1071 2074 Ἀπώλοντο
1128 2006 1206 2070 δὲ
1263 2009 1375 2070 καὶ
1416 2005 1769 2090 Μάγνητες
1821 2003 1886 2072 οἳ
1942 2004 2112 2093 πρὸς
2162 2012 2257 2095 τῷ
2298 2003 2675 2094 Μαιάνδρῳ
2729 2004 2843 2070 διὰ
2885 2004 2963 2070 τὸ

694 2109 904 2174 πλέον
966 2102 1300 2189 ἀνεθῆναι
1314 2154 1338 2183 ,
1405 2103 1492 2182 ὥς
1558 2125 1723 2191 φησι
1763 2106 2087 2183 Καλλῖνος
2156 2101 2231 2173 ἕν
2292 2113 2431 2183 τοῖς
2488 2102 2799 2187 ἐλεγείοις
2851 2108 2966 2170 καὶ

690 2206 1084 2296 Ἀρχίλοχος.
1169 2205 1348 2270 Haec
1400 2224 1788 2290 magnopere
1841 2205 1995 2270 fiunt
2035 2212 2334 2289 suspecta
2375 2204 2779 2288 sequentibus
2823 2223 2959 2269 ver-

699 2307 840 2371 bis:
917 2302 1224 2372 ἕάλωσαν
1268 2306 1395 2392 γὰρ
1441 2302 1575 2371 ὑπὸ
1618 2311 1753 2372 τῶν
1791 2303 2142 2392 Ἐφεσίων;
2186 2326 2331 2372 nam
2375 2326 2514 2372 cum
2558 2306 2731 2371 nullo
2774 2306 2961 2371 modo

696 2407 851 2472 illud
906 2408 1104 2490 possit
1159 2407 1548 2491 impugnari,
1615 2407 2013 2490 Magnesiam
2057 2426 2098 2473 a
2138 2408 2437 2473 Treribus
2482 2425 2625 2472 esse
2670 2407 2960 2488 dirutam,

698 2507 1061 2572 Athenaeus
1127 2513 1384 2572 auctore
1450 2507 1658 2570 minus
1728 2511 1898 2571 certo
1962 2525 2112 2577 usus
2168 2526 2310 2573 csse
2364 2507 2611 2573 videtur
2663 2526 2864 2590 neque
2906 2508 2963 2572 is

698 2615 814 2690 est,
852 2608 959 2692 qui
1003 2609 1214 2675 valeat
1255 2608 1339 2674 ad
1382 2608 1788 2673 minuendam
1822 2608 2227 2691 Callisthenis
2259 2611 2335 2675 'et
2376 2610 2706 2675 Strabonis
2751 2614 2962 2674 aucto-

696 2709 969 2775 ritatem.

820 2810 1045 2875 Restat
1065 2828 1273 2887 unum,
1314 2808 1484 2891 quod
1526 2753 1940 2875 offensionem
1981 2809 2165 2875 nobis
2206 2809 2409 2892 possit
2451 2810 2677 2875 afferre
2703 2811 2962 2893 Magne-

697 2910 858 2974 siam
896 2930 937 2975 a
967 2910 1266 2975 'Pr-eribus
1291 2908 1530 2992 Ardyis
1573 2910 1961 2994 temporibus
2004 2928 2294 2976 eversam
2338 2928 2480 2974 esse
2525 2910 2962 2976 statuentibus.

696 3011 936 3076 Plinius
957 3011 1045 3095 ι5)
1122 3011 1288 3076 enim
1340 3016 1556 3076 narrat
1614 3010 2006 3076 Candaulem
2053 3010 2372 3094 Lydorum
2424 3030 2641 3094 regem
2682 3011 2962 3076 tabulam

843 3273 933 3340 14)
973 3271 1206 3327 Praeter
1228 3268 1560 3325 Strabonem
1596 3269 1705 3326 hoc
1740 3273 1983 3325 testatur
2003 3268 2261 3326 Clemens
2284 3268 2704 3325 Alexandrinus
2740 3267 2965 3342 Στρωμ.

696 3360 723 3414 Ι
763 3363 862 3417 131
907 3361 1042 3429 (vol.
1083 3361 1137 3415 II
1176 3362 1276 3417 107
1315 3359 1402 3415 ed.
1441 3359 1649 3428 Dindq)
1691 3375 1853 3428 quem
1890 3360 2073 3413 locum
2113 3358 2262 3414 infra
2297 3361 2543 3415 afferam.

843 3450 937 3520 15)
979 3450 1106 3504 Nat.
1145 3449 1288 3504 Hist.
1327 3449 1432 3505 VII
1468 3451 1567 3505 35·
1624 3447 1956 3516 ‚Candaules
1995 3464 2095 3502 rex
2130 3448 2390 3504 Bularchi
2427 3449 2701 3519 picturam
2734 3447 2963 3517 Magne-

695 3545 812 3594 tum
849 3538 1054 3594 excidii
1100 3538 1397 3593 mediocris
1449 3537 1619 3606 spatii
1664 3538 1789 3606 pari
1838 3537 2100 3607 rependit
2145 3544 2316 3595 auro‘.
2387 3539 2493 3594 Vel
2529 3535 2637 3590 hoc
2675 3536 2970 3610 offendere

697 3627 888 3695 debet,
931 3628 1083 3696 quod
1119 3628 1230 3683 alio
1271 3629 1398 3683 loco
1439 3627 1671 3696 (XXXV
1714 3629 1806 3693 34)
1858 3643 1971 3683 non
2007 3625 2206 3683 dicitur
2245 3628 2316 3682 de
2373 3626 2692 3695 excidi0,
2749 3626 2851 3681 sed
2890 3626 2961 3681 de

696 3718 987 3786 proelio
1024 3717 1345 3788 Magnetum
1383 3715 1490 3771 hac
1526 3716 1583 3771 in
1620 3715 1842 3784 pictura
1879 3731 2168 3784 expresso.
2242 3715 2326 3772 Cf.
2362 3715 2651 3772 Welckerz
2699 3715 2963 3771 Kleinere

697 3805 974 3862 Schriften
1012 3809 1037 3860 I
1072 3808 1177 3865 439
1216 3821 1339 3875 sqq.
1379 3812 1437 3861 et
1470 3805 1716 3861 Mueller.
1757 3805 1791 3859 l.
1832 3805 1897 3873 1.,
1938 3806 2032 3874 qui
2071 3806 2176 3860 ait:
2249 3805 2463 3860 Plinius
2499 3804 2815 3873 Erziihlung
2849 3820 2960 3859 von

698 3897 824 3952 dem
861 3896 1130 3952 Gemalde
1169 3895 1271 3951 des
1307 3894 1617 3951 Bularchos
1656 3896 2009 3964 „Magnetum
2048 3894 2353 3949 excidium“
2395 3934 2409 3948 .
2448 3933 2461 3946 .
2504 3934 2518 3948 .
2570 3896 2649 3950 ist
2685 3891 2961 3949 durchaus

696 3984 1011 4041 unhaltbar.
1084 3984 1564 4042 Wahrscheinlich
1614 3984 1692 4039 ist
1740 3983 1908 4038 dabei
1942 3985 2038 4042 ein
2073 3983 2382 4055 Lydischer
2416 3983 2773 4038 Privatmann
2809 3982 2961 4037 Kan-

699 4075 895 4131 daules
932 4073 1032 4129 mit
1071 4074 1195 4130 dem
1235 4075 1383 4131 alten
1424 4073 1647 4143 Konige
1684 4071 2067 4129 verwechselt.

840 4162 1092 4218 Afferam
1132 4163 1240 4220 hoc
1278 4165 1405 4220 loco
1440 4162 1751 4227 Dunckeri,
1800 4178 1978 4217 rerum
2015 4161 2365 4231 antiquarum
2405 4161 2694 4230 scriptoris
2732 4160 2959 4216 nobilis-

698 4254 850 4321 simi,
915 4254 1246 4309 sententiam
1300 4251 1671 4321 (Geschichte
1710 4251 1810 4306 des
1847 4246 2199 4305 Alterthums
2235 4250 2289 4304 1³
2326 4252 2431 4308 739
2469 4266 2621 4321 sqq.,
2673 4251 2779 4307 877
2816 4265 2959 4319 sqq.,

700 4343 859 4413 886).
935 4344 989 4398 Is
1030 4343 1227 4399 statuit
1266 4343 1407 4399 duas
1445 4341 1861 4398 cimmeriorum
1897 4339 1990 4395 vel
2026 4343 2251 4396 Trerum
2286 4339 2642 4396 invasiones:
2699 4339 2958 4410 priorem,

702 4446 867 4504 quam
905 4433 1063 4489 novit
1099 4432 1374 4503 Gallinas,
1410 4431 1588 4488 fuisse
1622 4434 1789 4499 putat
1823 4428 1929 4486 sub
1967 4427 2131 4486 finem
2168 4430 2385 4499 imperii
2424 4429 2728 4487 candaulis
2770 4430 2959 4499 (secu-
