3343 5180
1291 323 1488 383 camni
1524 331 1704 383 aetas.
2533 382 2548 397 ,
2591 324 2636 395 3

368 578 472 654 11.
557 582 662 652 De
704 580 1107 653 cimmeriis
1152 579 1229 647 in
1270 581 1514 648 Asiam
1556 579 2051 649 invadentibus
2118 598 2297 666 quae
2340 581 2633 650 tradant

1006 699 1247 749 rerum
1291 683 1680 767 scriptores
1724 680 2000 750 Graeci.

534 816 833 884 Omittam
877 816 1145 903 primum
1190 816 1496 884 Herodoti
1537 817 1744 883 locum
1767 817 1848 901 ⁴),
1891 816 1999 883 ubi
2044 817 2127 883 de
2156 815 2632 883 cimmeriorum

369 918 711 1003 irruptione
776 917 957 998 dicit,
1026 917 1192 983 unde
1259 918 1412 984 nihil
1479 917 1613 984 fere
1671 918 1796 983 nisi
1850 918 2006 983 illud
2062 917 2362 1002 cognosci
2403 922 2630 1002 potest,

370 1019 602 1086 factam
642 1038 786 1086 eam
828 1019 955 1085 iam
998 1023 1146 1084 ante
1170 1018 1390 1085 Croesi
1433 1024 1708 1085 aetatem
1750 1037 1913 1101 esse,
1958 1022 2022 1084 et
2061 1019 2274 1084 statim
2313 1023 2633 1085 transeam

371 1119 455 1186 ad
498 1138 610 1201 ea,
676 1138 842 1202 quae
884 1119 917 1184 Ῑ
962 1121 1059 1187 15.
1104 1120 1184 1187 16
1209 1122 1274 1203 ⁶)
1321 1119 1515 1186 tradit
1554 1120 1636 1184 de
1680 1119 1997 1203 Lydorum
2040 1137 2239 1203 reguo
2280 1139 2322 1185 a
2364 1117 2632 1186 cimme-

372 1220 484 1286 riis
524 1221 920 1306 perturbat0:
994 1219 1210 1305 Ardye
1251 1221 1316 1286 in
1360 1219 1568 1306 Lydia
1607 1224 1915 1304 regnante
1958 1218 2435 1287 Cimmeriorum
2478 1239 2633 1304 gen-

369 1326 498 1387 tem
540 1321 606 1385 in
649 1321 815 1387 hanc
854 1321 1171 1386 invasisse
1223 1326 1458 1387 terram
1499 1325 1563 1387 et
1603 1320 1841 1387 Sardes
1894 1320 2143 1402 urbem,
2199 1319 2382 1404 regni
2424 1325 2634 1405 caput,

373 1426 647 1507 excepta
667 1441 815 1489 arce
839 1439 1276 1507 expugnass03
1320 1422 1563 1507 Alyatti
1606 1422 1860 1487 demum
1907 1420 2273 1505 contigisse,
2316 1426 2383 1486 ut
2415 1420 2633 1488 hostes

374 1541 458 1588 ex
497 1523 657 1588 Asia
698 1521 1061 1607 expelleret.
1143 1519 1467 1589 Annorum
1510 1527 1723 1590 autem
1736 1571 1753 1603 ,
1815 1541 1930 1607 per
1972 1541 2131 1606 quos
2176 1521 2495 1607 Lydorum
2536 1541 2633 1588 re·

373 1641 490 1708 ges
531 1622 862 1708 imperium
903 1628 1235 1690 tenuerunt
1245 1672 1264 1706 ‚
1335 1623 1392 1689 si
1435 1622 1828 1690 Herodotum
1870 1628 2236 1708 spectamus
2251 1672 2270 1705 ‚
2335 1622 2497 1689 haec
2538 1626 2637 1688 est

374 1724 756 1809 computatio
784 1726 813 1768 ⁸
826 1723 925 1809 Ὃκ
965 1724 1415 1808 Regnaverant

794 1824 1016 1909 Gyges
1057 1823 1141 1892 ab
1182 1845 1240 1891 a.
1284 1828 1433 1891 ante
1474 1824 1624 1890 cbr.
1664 1829 1794 1892 nat.
1837 1822 2175 1893 716-678

794 1924 1009 2009 Ardys
1846 1922 2177 1994 678—629

795 2023 1139 2110 Sadyattes
1845 2024 2177 2094 629—617

796 2125 1088 2211 Alyattes
1841 2124 1965 2194 617
1969 2124 2193 2193 -559.

539 2224 763 2310 Itaque
803 2225 1109 2293 Herodoti
1151 2223 1342 2291 fidem
1375 2225 1431 2291 si
1475 2223 1788 2310 sequeris,
1846 2225 2321 2294 cimmeriorum
2361 2224 2635 2293 invasio·

374 2345 490 2394 nes
531 2326 745 2411 meglio
780 2326 917 2413 fere
957 2326 1227 2412 septimo
1272 2346 1333 2393 a.
1377 2325 1522 2393 cbr.
1565 2345 1627 2392 n.
1671 2325 1928 2393 saeculo
1987 2325 2192 2393 factas
2234 2345 2379 2394 esse
2420 2332 2485 2393 et
2521 2344 2638 2412 per

375 2428 829 2514 quinquaginta
885 2427 1138 2495 circiter
1198 2446 1400 2495 annos
1461 2427 1730 2494 durasse
1797 2431 2056 2495 statues,
2155 2426 2295 2493 Hac
2365 2446 2508 2493 cum
2566 2445 2638 2493 re

373 2529 609 2615 optime
650 2547 998 2616 congruere
1041 2528 1332 2597 videntur
1348 2576 1367 2612 ,
1409 2546 1573 2615 quae
1613 2527 1807 2597 tradit
1842 2527 2014 2595 idem
2055 2525 2416 2595 Herodotus
2444 2527 2510 2614 ⁸)
2557 2525 2640 2595 de

514 2755 581 2825 4)
623 2755 648 2811 Ι
684 2758 719 2815 6
769 2752 850 2811 Τὸ
881 2751 992 2830 γὰρ
1006 2759 1344 2830 Κιμμερίων
1379 2749 1705 2828 στράτευμα
1737 2751 1800 2807 τό
1842 2752 1943 2807 ἐπὶ
1977 2750 2082 2821 τὴν
2097 2750 2316 2821 Ἰωνίην
2350 2749 2639 2824 ἀπικόμε-

374 2862 480 2901 νον
529 2848 785 2919 Κροίσου
842 2842 940 2901 ἐὸν
994 2842 1384 2920 πρεσβύτερον
1439 2841 1510 2897 ού
1558 2838 1921 2914 καταστροφὴ
1972 2840 2195 2911 ἐγένετο
2245 2840 2358 2899 τῶν
2404 2844 2638 2908 πολίων,

373 2931 491 2988 ἀλλ’
530 2932 594 2997 ἐξ
626 2933 948 3008 ἐπιδρομῆς
980 2932 1233 3008 ἀρπαγή.

517 3024 583 3093 5)
625 3024 649 3078 1
689 3024 756 3081 15
809 3012 987 3085 Οὗτος
1026 3022 1305 3095 (Ardye),
1336 3020 1402 3075 δὲ
1441 3023 1729 3092 Πριηνέας
1772 3036 1832 3075 τε
1867 3012 1980 3074 εἷλε
2028 3018 2086 3080 ἐς
2119 3015 2383 3087 Μίλητόν
2417 3035 2477 3073 τε
2515 3017 2639 3074 ἐσέ-

372 3114 533 3181 βαλε,
583 3110 684 3166 ἐπὶ
718 3109 924 3167 τούτου
966 3130 1026 3168 τε
1062 3108 1508 3187 τυραννεύοντος
1543 3109 1812 3183 Σαρδίων
1846 3111 2162 3182 Κιμμέριοι
2198 3107 2260 3171 ἐξ
2291 3106 2484 3177 ἠθέων
2521 3102 2637 3161 ὑπὸ

373 3203 653 3257 Σκυθέων
700 3200 813 3257 τῶν
858 3198 1130 3274 νομάδων
1172 3195 1573 3264 ἐξαναστάντες
1618 3197 1898 3255 ἀπίκοντο
1960 3197 2017 3260 ἐς
2061 3195 2254 3267 Ἀσίην
2289 3200 2388 3251 καὶ
2421 3192 2641 3270 Σάρδις

374 3286 523 3358 πλὴν
557 3288 655 3358 τῆς
688 3287 1041 3362 ἀκροπόλιος
1075 3284 1246 3346 εἷλον.
1285 3321 1353 3331 -
1393 3295 1454 3346 et
1488 3289 1679 3358 paullo
1713 3286 1860 3344 infra
1895 3304 1947 3344 c.
1988 3289 2055 3346 16
2093 3276 2261 3350 οὗτος
2296 3286 2367 3343 δέ
2404 3284 2638 3358 (Alyat-

373 3378 495 3449 tes)
532 3374 802 3453 Κυαξάρῃ
838 3397 896 3433 τε
933 3378 1011 3448 τῷ
1047 3375 1302 3447 Δηϊόκεω
1336 3375 1614 3448 ἀπογόνῳ
1650 3378 1965 3451 ἐπολέμησε
2002 3378 2099 3431 καὶ
2134 3373 2432 3447 Μήδοισι,
2489 3381 2640 3449 Κιμ-

375 3472 612 3541 μερίους
646 3484 705 3522 τε
743 3466 807 3521 ἐκ
840 3466 936 3534 τῆς
966 3465 1152 3536 Ἀσίης
1187 3466 1435 3536 ἐξήλασε.

517 3558 615 3624 bb)
654 3553 742 3612 cf.
761 3554 1017 3612 Larcher.
1054 3556 1201 3613 Hist.
1237 3556 1293 3611 d’
1313 3555 1602 3612 Herodoto
1636 3553 1740 3611 vn
1769 3570 1826 3625 p.
1850 3557 1987 3624 2123
2024 3554 2265 3614 clinton.
2301 3555 2455 3612 Fast.
2490 3552 2638 3610 Heu.

375 3644 468 3703 ed.
503 3644 601 3701 Kr.
637 3659 696 3713 p.
734 3645 871 3714 3093
908 3644 971 3699 E.
1011 3644 1259 3702 curtius:
1300 3644 1523 3703 Griech.
1564 3642 1771 3700 Gesch.
1808 3644 1871 3700 1⁴
1907 3660 1964 3715 p.
2003 3644 2128 3703 661.

356 3787 363 3794 .
516 3735 575 3803 6)
617 3734 642 3789 1
681 3735 785 3792 103
819 3737 1099 3796 Συλλέξας
1134 3734 1199 3790 δὲ
1241 3734 1558 3807 (cyaxares
1594 3749 1694 3789 rex
1726 3732 2047 3804 Medorum)
2111 3733 2244 3795 τοὺς
2296 3731 2395 3788 ὑπ’
2449 3730 2638 3801 ἑωυτῷ

371 3821 736 3898 ἀρχομένους
769 3818 980 3883 πάντας
1019 3822 1380 3897 ἐστρατεύετο
1418 3824 1518 3879 ἐπὶ
1554 3822 1656 3892 τὴν
1692 3828 1879 3879 Νῖνον
1915 3826 2206 3895 τιμωρέων
2252 3840 2312 3877 τε
2349 3821 2427 3892 τῷ
2464 3823 2641 3894 πατρὶ

373 3916 472 3968 καὶ
523 3910 627 3983 τὴν
679 3909 852 3969 πόλιν
899 3909 1106 3981 ταύτην
1162 3912 1374 3971 ἐθέλων
1410 3913 1637 3976 ἐξελεῖν·
1689 3916 1786 3967 καὶ
1822 3916 1907 3978 οἱ,
1968 3910 2043 3973 ὥς
2079 3908 2381 3984 συμβαλὼν
2417 3910 2640 3980 ἐνίκησε

372 4000 506 4066 τοὺς
536 4001 897 4076 Ἀσσυρίους,
951 4005 1385 4076 περικατημένῳ
1432 3999 1536 4071 τὴν
1582 4007 1770 4058 Νῖνον
1818 4000 2032 4069 ἐπῆλθε
2081 4004 2359 4057 Σκυθέων
2406 4000 2641 4076 στρατὸς

370 4096 577 4165 μέγας,
630 4069 731 4162 ἦγε
778 4091 845 4147 δὲ
881 4089 1090 4153 αὐτοὺς
1121 4090 1385 4162 βασιλεὺς
1420 4091 1449 4147 ὁ
1492 4096 1771 4148 Σκυθέων
1806 4086 2058 4157 Μαδύης
2090 4088 2450 4164 Πρωτοθύεω
2486 4096 2638 4151 παῖς·

370 4183 433 4236 οἳ
466 4182 735 4252 ἐσέβαλον
768 4182 879 4254 μὲν
914 4180 971 4242 ἐς
1009 4179 1111 4250 τὴν
1136 4181 1325 4251 Ἀσίην
1360 4186 1720 4257 Κιμμερίους
1757 4176 2081 4249 ἐκβαλόντες
2117 4177 2179 4233 ἐκ
2212 4177 2308 4247 τῆς
2333 4175 2637 4253 Εὐρώπης,

370 4267 628 4325 τούτοισι
676 4269 743 4325 δὲ
797 4268 1187 4344 ἐπισπόμενοι
1225 4270 1508 4343 φεύγουσι
1545 4266 1694 4326 οὕτω
1731 4270 1788 4330 ἐς
1821 4266 1924 4337 τὴν
1958 4264 2236 4335 Μηδικὴν
2270 4265 2467 4341 χώρην
2501 4266 2642 4323 ἀπί-

372 4376 561 4415 κοντο.
636 4359 702 4414 In
754 4358 945 4429 eapite
1002 4360 1308 4418 centesimo
1366 4365 1566 4430 quarto
1603 4358 1801 4428 incipit
1834 4355 2158 4412 Herodotus
2195 4371 2234 4411 a
2268 4356 2640 4415 describendo

372 4445 787 4507 cimmeriorum
822 4449 1024 4506 itinere
1061 4457 1121 4507 et
1153 4450 1237 4507 ita
1270 4451 1485 4524 pergit:
1522 4449 1772 4508 ἐνταῦθα
1807 4450 1868 4503 οἱ
1899 4445 2010 4519 μὲν
2028 4444 2232 4516 Μῆδοι
2258 4443 2642 4520 συμβαλόντες
