3343 5180
666 309 713 377 4
770 363 787 381 .
1562 336 1579 342 -
1646 306 1711 365 G.
1748 306 1971 380 Geiger.

669 479 1045 563 Scytharum
1100 477 1440 562 irruptione
1499 477 1562 543 in
1606 479 1885 546 Mediam
1942 481 2142 546 facta:
2227 477 2501 562 Scythas
2568 475 2850 562 expulsis
2894 495 2932 543 e

670 572 929 646 sedibus
972 578 1324 644 Cimmeriis
1362 579 1527 644 inter
1568 587 1843 646 montem
1890 581 2242 646 Caucasum
2307 582 2371 643 et
2414 597 2589 643 mare
2634 578 2931 663 Caspium

671 681 791 746 iter
832 678 1138 745 facientes
1178 680 1241 743 in
1276 680 1491 745 Asiam
1517 679 1849 764 irrupisse3
1893 681 2118 763 Medis,
2163 696 2319 763 quos
2361 678 2598 761 primos
2640 679 2944 763 aggressi

674 784 916 863 essent,
986 785 1133 845 tunc
1194 780 1545 863 praefuisse
1591 781 1950 867 Cyaxarem
2020 787 2242 865 (quem
2287 779 2410 862 ipsi
2454 779 2689 844 Persae
2732 779 2797 844 in
2841 779 2932 844 in-

672 880 1117 966 scriptionibus
1159 881 1442 947 cuneatis
1485 888 1713 947 vocant
1759 882 2282 962 „Uvakhsatara“
2329 879 2405 944 cf.
2449 880 2741 963 Spiegel:
2810 880 2936 945 Dic

673 982 1128 1066 altpersischen
1172 981 1716 1067 Keilinschriften,
1773 982 2035 1048 Glossar
2078 1001 2130 1047 s.
2176 979 2305 1066 v.);
2372 999 2514 1045 eum
2568 979 2737 1045 bello
2793 999 2934 1045 cum

674 1081 986 1166 Assyriis,
1054 1082 1221 1163 quod
1284 1087 1413 1146 tum
1468 1090 1748 1166 gereret,
1814 1083 2170 1149 intermisso
2213 1086 2433 1146 contra
2476 1079 2748 1164 Scythas
2791 1100 2934 1164 pro-

675 1183 937 1265 fectum,
1007 1181 1123 1247 sed
1167 1181 1250 1246 ab
1295 1182 1390 1246 his
1438 1183 1643 1248 fusum
1690 1184 2099 1268 fugatumque
2146 1201 2305 1247 esse.
2395 1181 2618 1264 Itaque
2661 1180 2934 1265 Scythas

674 1301 787 1368 per
827 1281 1055 1347 multos
1097 1300 1295 1347 annos
1341 1282 1559 1348 Asiam
1604 1283 1835 1350 dicioni
1879 1304 2036 1350 suae
2079 1283 2426 1350 subiectam
2470 1281 2779 1365 tenuisse,
2825 1282 2935 1347 do-

674 1402 807 1453 nec
835 1382 1163 1466 Cyaxares
1204 1381 1350 1447 dolo
1392 1389 1624 1450 terram
1668 1386 1751 1450 ab
1795 1385 2079 1451 hostibus
2097 1402 2100 1405 ·
2119 1385 2473 1451 liberasset.

839 1483 913 1547 In
952 1482 1255 1548 Herodoti
1298 1484 1659 1551 narratione
1702 1498 2085 1570 quamquam
2131 1485 2329 1553 multa
2369 1490 2515 1550 sunt
2554 1502 2717 1567 quae
2756 1482 2936 1548 dubi-

674 1585 975 1652 tationem
1039 1590 1362 1667 moveant,
1431 1585 1602 1650 velut
1663 1585 1904 1652 itineris
1964 1586 2342 1670 Scytharum
2408 1604 2565 1650 sane
2632 1582 2938 1650 mirabilis

676 1685 1041 1769 descriptio,
1106 1689 1316 1750 tamcn
1359 1685 1519 1751 haec
1560 1686 1642 1751 ad
1685 1686 1785 1769 id,
1850 1688 2018 1771 quod
2061 1678 2455 1771 quaerimus,
2523 1705 2650 1751 non
2692 1685 2937 1764 valent3

674 1785 829 1852 illud
873 1791 1042 1851 certe
1088 1803 1203 1867 pro
1258 1786 1582 1868 explorato
1645 1787 1884 1854 habere
1928 1807 2299 1872 possumus,
2368 1785 2643 1870 Scythas
2699 1784 2766 1849 in
2807 1784 2935 1850 Mc-

680 1887 851 1953 diam
916 1885 1226 1951 invasisse
1280 1892 1342 1951 et
1398 1886 1757 1970 Cyaxarem
1826 1888 2156 1956 devicisse.
2220 1889 2348 1953 ·Et
2409 1885 2705 1971 quoniam
2778 1884 2940 1949 inter

677 1987 845 2053 viros
889 1985 1140 2066 doctos,
1214 1985 1381 2068 quod
1425 1987 1657 2070 sciam,
1726 1995 1970 2055 constat
2012 1991 2183 2055 illam
2222 2008 2533 2074 pugnam,
2604 2005 2729 2071 qua
2768 1983 2940 2050 Medi

680 2087 829 2154 victi
871 2084 1135 2171 imperio
1180 2086 1409 2168 privati
1449 2095 1624 2173 sunt,
1682 2091 2040 2174 ponendam
2084 2109 2227 2156 esse
2268 2090 2335 2155 in
2377 2108 2544 2155 anno
2587 2107 2646 2153 a.
2691 2087 2836 2154 Chr.
2879 2106 2939 2154 n.

676 2185 1208 2271 632(0f.,13aehr.
1251 2187 1336 2253 ad
1378 2189 1610 2257 Herod.
1654 2191 1689 2255 Ι
1730 2192 1849 2258 103
1894 2212 1955 2275 p.
1982 2192 2107 2260 228
2149 2191 2247 2257 ed.
2300 2190 2453 2272 alt),
2500 2190 2620 2255 hoc
2662 2208 2745 2254 cx
2787 2187 2940 2253 duo-

680 2290 799 2356 bus
839 2286 1146 2353 Herodoti
1187 2286 1344 2352 locis
1388 2309 1428 2354 a
1469 2291 1651 2356 nobis
1695 2291 1907 2356 allatis
1949 2291 2246 2373 efficitur,

927 2388 1226 2504 expulsos
1270 2408 1305 2453 e
1348 2389 1605 2456 sedibus
1648 2391 1780 2456 suis
1824 2412 1867 2457 a
1909 2391 2165 2476 Scythis
2201 2392 2573 2458 Cimmerios
2617 2391 2684 2456 in
2723 2388 2941 2455 Asiam

1012 2482 1325 2555 invasisse
1388 2495 1450 2556 et
1515 2491 1685 2556 eirca
1737 2492 2011 2558 medium
2054 2493 2387 2576 septimum
2426 2511 2483 2558 a.
2532 2491 2676 2557 Chr
2723 2508 2942 2603 saecu-

986 2589 1141 2654 lum
1187 2592 1421 2657 Sardes
1463 2593 1777 2678 Lydorum
1822 2600 2012 2678 caput
2054 2595 2334 2678 cepisse3

930 2691 1165 2755 factum
1214 2692 1334 2757 hoc
1379 2712 1520 2758 csse
1562 2693 1777 2779 Ardye
1821 2694 1884 2758 in
1927 2695 2134 2780 Lydia
2177 2699 2523 2778 regnante3

930 2791 1285 2875 quindecim
1339 2794 1472 2859 fere
1537 2795 1723 2860 annis
1780 2799 1924 2877 post
1966 2795 2240 2880 Scythas
2284 2793 2656 2861 Cimmerios
2696 2795 2947 2858 secutos

1013 2892 1233 2957 Asiam
1291 2892 1613 2975 ingressos
1673 2913 1816 2961 esse
1881 2899 1943 2960 et
1991 2895 2214 2962 Medos
2257 2894 2616 2961 debellasse
2635 2943 2652 2976 ,
2720 2893 2946 2976 quibus

1013 2997 1144 3057 tum
1186 3001 1516 3077 praeesset
1556 2996 1919 3081 Cyaxares3
2249 3035 2256 3040 -
2589 3009 2606 3028 ⁰

929 3093 1199 3160 eundem
1241 3093 1599 3177 Cyaxarcm
1657 3102 1884 3180 postea
1931 3095 2207 3180 Scythas
2251 3114 2287 3161 e
2330 3094 2544 3160 Media
2599 3092 2943 3178 expulisse,

1015 3193 1122 3278 qui
1166 3213 1280 3279 per
1321 3194 1791 3281 duodetriginta
1832 3216 2031 3262 annos
2073 3195 2292 3323 Asiam
2346 3212 2718 3280 oppressam
2774 3198 2944 3259 tene-

1017 3300 1186 3376 rent3

932 3395 1300 3461 Cimmerios
1342 3397 1426 3462 ab
1467 3396 1724 3480 Alyatte
1765 3397 2016 3462 demum
2061 3416 2097 3464 e
2139 3395 2347 3480 Lydia
2388 3394 2756 3461 deturbatos
2800 3411 2947 3459 esse

1020 3496 1188 3563 circa
1229 3515 1460 3563 annum
1505 3497 2034 3564 sexcentesimum
2075 3518 2135 3564 a.
2182 3496 2326 3563 Chr.
2371 3517 2432 3561 n.

686 3719 841 3768 τοῖσι
871 3709 1137 3788 Σκύθῃσι
1170 3717 1267 3768 καὶ
1306 3714 1650 3776 ἑσσωθέντες
1684 3715 1749 3788 τῇ
1784 3711 1938 3788 μάχῃ
1976 3714 2072 3782 τῆς
2106 3711 2286 3786 ἀρχῆς
2324 3708 2747 3779 κατελύθησαν,
2786 3714 2845 3765 οἱ
2881 3709 2944 3764 δὲ

688 3800 917 3857 Σκύθαι
964 3801 1063 3872 τὴν
1088 3802 1274 3872 Ἀσίην
1321 3804 1516 3861 πᾶσαν
1563 3804 1830 3875 ἐπέσχον.
1878 3846 1888 3858 .
1929 3844 1941 3858 .
1983 3845 1997 3860 .
2072 3820 2118 3857 c.
2158 3804 2262 3859 105
2309 3798 2611 3856 Ἐνθεῦτεν
2647 3799 2720 3871 ,δὲ
2781 3795 2950 3867 ἤισαν

688 3891 777 3946 ἐπ’
815 3895 1137 3961 Αἴγυπτον.
1175 3934 1192 3951 .
1235 3930 1249 3948 .
1322 3910 1368 3947 c.
1410 3895 1512 3951 106
1566 3891 1700 3947 Ἐπὶ
1747 3896 1855 3965 μέν
1906 3910 2012 3949 νυν
2063 3888 2207 3944 ὀκτὼ
2247 3893 2342 3944 καὶ
2383 3894 2569 3944 εἴκοσι
2607 3888 2736 3943 ἔτεα
2770 3881 2949 3961 ἦρχον

687 3981 783 4050 τῆς
804 3979 984 4048 Ἀσίης
1021 3985 1079 4036 οἱ
1113 3978 1341 4036 Σκύθαι
1379 3986 1473 4036 καὶ
1509 3978 1576 4036 τὰ
1612 3978 1801 4037 πάντα
1859 3997 1968 4052 σφι
2015 3977 2131 4035 ύπό
2179 3999 2234 4034 τε
2285 3975 2483 4051 ὕβριος
2519 3982 2616 4032 καὶ
2650 3976 2951 4050 ὀλιγωρίης

687 4067 973 4127 ἀνάστατα
1010 4064 1092 4138 ἦν·
1160 4075 1343 4144 μέγαν
1378 4071 1487 4143 μὲν
1523 4070 1631 4143 γὰρ
1671 4070 1869 4142 φόρον·
1894 4072 2185 4142 ἔπρησσον
2222 4065 2354 4141 παρ’
2398 4064 2647 4122 ἑκάστων
2683 4062 2784 4122 τὸν
2820 4060 2950 4118 ἑκά-

691 4175 881 4215 στοισι
917 4159 1249 4231 ἐπέβαλλον,
1280 4164 1459 4232 χωρὶς
1495 4159 1560 4215 δὲ
1599 4160 1704 4213 τοῦ
1744 4157 1932 4232 φόρου
1970 4155 2221 4228 ἥρπαζον
2261 4154 2725 4230 περιελαύνοντες
2760 4153 2946 4219 τοῦτο,

690 4244 723 4303 ὅ
760 4268 815 4302 τι
851 4249 1043 4320 ἔχοιεν
1080 4247 1326 4304 ἕκαστοι·
1377 4253 1475 4303 καὶ
1529 4246 1744 4304 τούτων
1794 4248 1904 4320 μὲν
1947 4244 2080 4308 τοὺς
2126 4246 2371 4306 πλεῦνας
2405 4241 2703 4317 Κυαξάρης
2750 4260 2809 4296 τε
2855 4245 2953 4296 καὶ

688 4337 894 4406 Μῆδοι
927 4340 1269 4401 ξεινίσαντες
1303 4341 1399 4392 καὶ
1435 4333 1926 4409 καταμεθύσαντες
1961 4332 2420 4407 κατεφόνευσαν,
2476 4337 2574 4388 καὶ
2623 4327 2768 4388 οὕτω
2812 4329 2949 4388 α’νε-

691 4424 949 4484 σώσαντο
984 4424 1086 4495 τὴν
1119 4424 1304 4504 ἀρχὴν
1343 4427 1567 4499 Μῆδοι.
1601 4466 1618 4484 .
1657 4465 1674 4483 .
1746 4426 1834 4483 Cf.
1871 4426 1950 4484 IV
1990 4431 2039 4483 1.
2078 4428 2144 4485 11
2177 4440 2336 4495 seqq.
